<?xml version="1.0" encoding="UTF-8"?>
<!DOCTYPE html PUBLIC "-//W3C//DTD XHTML 1.0 Transitional//EN"
    "http://www.w3.org/TR/xhtml1/DTD/xhtml1-transitional.dtd">
<html xmlns="http://www.w3.org/1999/xhtml" xml:lang="en" lang="en">
 <head>
  <title>
</title>
<meta http-equiv="Content-Type" content="text/html;charset=utf-8" />
  <meta name='ocr-system' content='tesseract 3.04.00' />
  <meta name='ocr-capabilities' content='ocr_page ocr_carea ocr_par ocr_line ocrx_word'/>
</head>
<body>
  <div class='ocr_page' id='page_1' title='image "./mantissaichtyolo00klei_0022.png"; bbox 0 0 2169 3012; ppageno 0'>
   <div class='ocr_carea' id='block_1_1' title="bbox 436 403 1417 443">
    <p class='ocr_par' dir='ltr' id='par_1_1' title="bbox 436 403 1417 443">
     <span class='ocr_line' id='line_1_1' title="bbox 436 403 1417 443; baseline 0.006 -5"><span class='ocrx_word' id='word_1_1' title='bbox 436 414 475 439; x_wconf 79' lang='lat'>12</span> <span class='ocrx_word' id='word_1_2' title='bbox 936 403 1021 441; x_wconf 88' lang='lat' dir='ltr'>DE</span> <span class='ocrx_word' id='word_1_3' title='bbox 1077 403 1270 443; x_wconf 90' lang='lat' dir='ltr'>SONO</span> <span class='ocrx_word' id='word_1_4' title='bbox 1329 404 1417 443; x_wconf 91' lang='lat' dir='ltr'>ET</span> 
     </span>
    </p>
   </div>
   <div class='ocr_carea' id='block_1_2' title="bbox 433 483 1874 1044">
    <p class='ocr_par' dir='ltr' id='par_1_2' title="bbox 433 483 1874 1044">
     <span class='ocr_line' id='line_1_2' title="bbox 433 483 1870 537; baseline 0.003 -14"><span class='ocrx_word' id='word_1_5' title='bbox 433 483 571 532; x_wconf 74' lang='lat' dir='ltr'>skytte</span> <span class='ocrx_word' id='word_1_6' title='bbox 596 494 632 535; x_wconf 91' lang='lat' dir='ltr'>p.</span> <span class='ocrx_word' id='word_1_7' title='bbox 649 495 698 521; x_wconf 88' lang='lat' dir='ltr'>m.</span> <span class='ocrx_word' id='word_1_8' title='bbox 724 483 765 521; x_wconf 85' lang='lat' dir='ltr'>in</span> <span class='ocrx_word' id='word_1_9' title='bbox 789 483 927 534; x_wconf 82' lang='lat' dir='ltr'>praedio</span> <span class='ocrx_word' id='word_1_10' title='bbox 945 483 1104 523; x_wconf 82' lang='lat' dir='ltr'>-Rabloff</span> <span class='ocrx_word' id='word_1_11' title='bbox 1120 485 1247 536; x_wconf 81' lang='lat' dir='ltr'>(haud</span> <span class='ocrx_word' id='word_1_12' title='bbox 1268 486 1400 537; x_wconf 91' lang='lat' dir='ltr'>procul</span> <span class='ocrx_word' id='word_1_13' title='bbox 1425 499 1443 525; x_wconf 86' lang='lat' dir='ltr'>a</span> <span class='ocrx_word' id='word_1_14' title='bbox 1467 486 1612 526; x_wconf 86' lang='lat' dir='ltr'>civitate</span> <span class='ocrx_word' id='word_1_15' title='bbox 1637 486 1870 537; x_wconf 82' lang='lat' dir='ltr'>Christiana)</span> 
     </span>
     <span class='ocr_line' id='line_1_3' title="bbox 439 535 1871 597; baseline 0.003 -19"><span class='ocrx_word' id='word_1_16' title='bbox 439 540 522 591; x_wconf 81' lang='lat' dir='ltr'>plus</span> <span class='ocrx_word' id='word_1_17' title='bbox 543 552 615 577; x_wconf 81' lang='lat' dir='ltr'>una</span> <span class='ocrx_word' id='word_1_18' title='bbox 633 537 926 589; x_wconf 78' lang='lat' dir='ltr'>vicefislulantes</span> <span class='ocrx_word' id='word_1_19' title='bbox 943 551 986 580; x_wconf 85' lang='lat' dir='ltr'>ut</span> <span class='ocrx_word' id='word_1_20' title='bbox 1000 539 1132 597; x_wconf 78' lang='lat' dir='ltr'><em>glires,</em></span> <span class='ocrx_word' id='word_1_21' title='bbox 1150 542 1298 591; x_wconf 77' lang='lat' dir='ltr'>quando</span> <span class='ocrx_word' id='word_1_22' title='bbox 1315 555 1334 579; x_wconf 85' lang='lat' dir='ltr'>a</span> <span class='ocrx_word' id='word_1_23' title='bbox 1348 543 1490 581; x_wconf 81' lang='lat' dir='ltr'>viverra</span> <span class='ocrx_word' id='word_1_24' title='bbox 1507 544 1723 590; x_wconf 62' lang='lat' dir='ltr'>mast-antur,</span> <span class='ocrx_word' id='word_1_25' title='bbox 1739 535 1871 584; x_wconf 79' lang='lat' dir='ltr'>audivi.</span> 
     </span>
     <span class='ocr_line' id='line_1_4' title="bbox 442 593 1871 650; baseline 0.003 -18"><span class='ocrx_word' id='word_1_26' title='bbox 442 598 523 635; x_wconf 89' lang='lat' dir='ltr'>Imo</span> <span class='ocrx_word' id='word_1_27' title='bbox 543 594 588 634; x_wconf 90' lang='lat' dir='ltr'>ad</span> <span class='ocrx_word' id='word_1_28' title='bbox 612 593 803 646; x_wconf 84' lang='lat' dir='ltr'>pisciculos</span> <span class='ocrx_word' id='word_1_29' title='bbox 819 595 964 634; x_wconf 87' lang='lat' dir='ltr'>nostros</span> <span class='ocrx_word' id='word_1_30' title='bbox 983 597 1197 635; x_wconf 82' lang='lat' dir='ltr'>delicatulos</span> <span class='ocrx_word' id='word_1_31' title='bbox 1216 595 1498 650; x_wconf 56' lang='lat' dir='ltr'>(fficbmerlinge</span> <span class='ocrx_word' id='word_1_32' title='bbox 1515 600 1532 650; x_wconf 90' lang='lat'><em>)</em></span> <span class='ocrx_word' id='word_1_33' title='bbox 1549 600 1659 650; x_wconf 84' lang='lat' dir='ltr'>vulgo</span> <span class='ocrx_word' id='word_1_34' title='bbox 1678 600 1871 639; x_wconf 84' lang='lat' dir='ltr'>Cobitides</span> 
     </span>
     <span class='ocr_line' id='line_1_5' title="bbox 441 650 1872 703; baseline 0.003 -14"><span class='ocrx_word' id='word_1_35' title='bbox 441 651 649 696; x_wconf 78' lang='lat' dir='ltr'>fluviatileS,</span> <span class='ocrx_word' id='word_1_36' title='bbox 673 650 744 689; x_wconf 84' lang='lat' dir='ltr'>five</span> <span class='ocrx_word' id='word_1_37' title='bbox 760 650 933 697; x_wconf 82' lang='lat' dir='ltr'>Smerlas,</span> <span class='ocrx_word' id='word_1_38' title='bbox 957 656 1148 703; x_wconf 79' lang='lat' dir='ltr'>pro&#39;voco;</span> <span class='ocrx_word' id='word_1_39' title='bbox 1178 652 1236 698; x_wconf 89' lang='lat' dir='ltr'>hi,</span> <span class='ocrx_word' id='word_1_40' title='bbox 1263 654 1390 703; x_wconf 82' lang='lat' dir='ltr'>quodsi</span> <span class='ocrx_word' id='word_1_41' title='bbox 1403 654 1462 692; x_wconf 86' lang='lat' dir='ltr'>vel</span> <span class='ocrx_word' id='word_1_42' title='bbox 1479 667 1584 693; x_wconf 87' lang='lat' dir='ltr'>aceto</span> <span class='ocrx_word' id='word_1_43' title='bbox 1600 655 1659 693; x_wconf 89' lang='lat' dir='ltr'>vel</span> <span class='ocrx_word' id='word_1_44' title='bbox 1678 655 1768 693; x_wconf 82' lang='lat' dir='ltr'>vino</span> <span class='ocrx_word' id='word_1_45' title='bbox 1788 668 1872 694; x_wconf 84' lang='lat' dir='ltr'>ante</span> 
     </span>
     <span class='ocr_line' id='line_1_6' title="bbox 441 706 1871 761; baseline 0.003 -15"><span class='ocrx_word' id='word_1_46' title='bbox 441 707 566 746; x_wconf 82' lang='lat' dir='ltr'>necari</span> <span class='ocrx_word' id='word_1_47' title='bbox 588 706 721 753; x_wconf 87' lang='lat' dir='ltr'>velint,</span> <span class='ocrx_word' id='word_1_48' title='bbox 757 719 867 757; x_wconf 87' lang='lat' dir='ltr'>quarn</span> <span class='ocrx_word' id='word_1_49' title='bbox 884 708 1021 746; x_wconf 82' lang='lat' dir='ltr'>cacabo</span> <span class='ocrx_word' id='word_1_50' title='bbox 1039 708 1306 754; x_wconf 82' lang='lat' dir='ltr'>immittuntur,</span> <span class='ocrx_word' id='word_1_51' title='bbox 1330 710 1421 748; x_wconf 85' lang='lat' dir='ltr'>clara</span> <span class='ocrx_word' id='word_1_52' title='bbox 1440 723 1535 748; x_wconf 88' lang='lat' dir='ltr'>voce</span> <span class='ocrx_word' id='word_1_53' title='bbox 1539 708 1709 761; x_wconf 74' lang='lat' dir='ltr'>sibilant,</span> <span class='ocrx_word' id='word_1_54' title='bbox 1739 721 1781 751; x_wconf 88' lang='lat' dir='ltr'>ut</span> <span class='ocrx_word' id='word_1_55' title='bbox 1795 725 1871 752; x_wconf 82' lang='lat' dir='ltr'>mu-</span> 
     </span>
     <span class='ocr_line' id='line_1_7' title="bbox 441 762 1871 824; baseline 0.001 -20"><span class='ocrx_word' id='word_1_56' title='bbox 441 777 524 814; x_wconf 79' lang='lat' dir='ltr'>res,</span> <span class='ocrx_word' id='word_1_57' title='bbox 554 775 602 801; x_wconf 92' lang='lat' dir='ltr'>ne</span> <span class='ocrx_word' id='word_1_58' title='bbox 621 762 740 801; x_wconf 82' lang='lat' dir='ltr'>dicam</span> <span class='ocrx_word' id='word_1_59' title='bbox 754 762 800 800; x_wconf 88' lang='lat' dir='ltr'>de</span> <span class='ocrx_word' id='word_1_60' title='bbox 814 763 976 814; x_wconf 87' lang='lat' dir='ltr'>pluribus</span> <span class='ocrx_word' id='word_1_61' title='bbox 992 763 1192 809; x_wconf 75' lang='lat' dir='ltr'>vocalibus,</span> <span class='ocrx_word' id='word_1_62' title='bbox 1222 765 1285 814; x_wconf 88' lang='lat' dir='ltr'>qui</span> <span class='ocrx_word' id='word_1_63' title='bbox 1302 778 1320 803; x_wconf 84' lang='lat' dir='ltr'>a</span> <span class='ocrx_word' id='word_1_64' title='bbox 1334 766 1459 817; x_wconf 81' lang='lat' dir='ltr'>sonis,</span> <span class='ocrx_word' id='word_1_65' title='bbox 1487 779 1582 816; x_wconf 89' lang='lat' dir='ltr'>quos</span> <span class='ocrx_word' id='word_1_66' title='bbox 1601 767 1738 812; x_wconf 86' lang='lat' dir='ltr'>edunt,</span> <span class='ocrx_word' id='word_1_67' title='bbox 1758 780 1871 824; x_wconf 78' lang='lat' dir='ltr'>gene-</span> 
     </span>
     <span class='ocr_line' id='line_1_8' title="bbox 441 818 1872 873; baseline 0 -13"><span class='ocrx_word' id='word_1_68' title='bbox 441 821 525 860; x_wconf 81' lang='lat' dir='ltr'>rica</span> <span class='ocrx_word' id='word_1_69' title='bbox 541 819 686 859; x_wconf 82' lang='lat' dir='ltr'>nomina</span> <span class='ocrx_word' id='word_1_70' title='bbox 703 818 743 857; x_wconf 85' lang='lat' dir='ltr'>in</span> <span class='ocrx_word' id='word_1_71' title='bbox 759 819 987 869; x_wconf 79' lang='lat' dir='ltr'>Ichtyologia</span> <span class='ocrx_word' id='word_1_72' title='bbox 1005 832 1029 857; x_wconf 96' lang='lat' dir='ltr'>o</span> <span class='ocrx_word' id='word_1_73' title='bbox 1075 820 1266 866; x_wconf 86' lang='lat' dir='ltr'>iuuerunt,</span> <span class='ocrx_word' id='word_1_74' title='bbox 1296 821 1419 871; x_wconf 86' lang='lat' dir='ltr'>deque</span> <span class='ocrx_word' id='word_1_75' title='bbox 1439 822 1531 868; x_wconf 87' lang='lat' dir='ltr'>aliis,</span> <span class='ocrx_word' id='word_1_76' title='bbox 1560 835 1721 873; x_wconf 82' lang='lat' dir='ltr'>quorum</span> <span class='ocrx_word' id='word_1_77' title='bbox 1743 836 1872 861; x_wconf 69' lang='lat' dir='ltr'>AELIA-</span> 
     </span>
     <span class='ocr_line' id='line_1_9' title="bbox 437 874 1871 926; baseline 0.001 -12"><span class='ocrx_word' id='word_1_78' title='bbox 437 888 544 922; x_wconf 69' lang='lat' dir='ltr'>NUS,</span> <span class='ocrx_word' id='word_1_79' title='bbox 569 886 771 921; x_wconf 75' lang='lat' dir='ltr'>PLiNIUS,</span> <span class='ocrx_word' id='word_1_80' title='bbox 795 874 918 926; x_wconf 86' lang='lat' dir='ltr'>plures</span> <span class='ocrx_word' id='word_1_81' title='bbox 936 875 1016 913; x_wconf 66' lang='lat' dir='ltr'>au&amp;</span> <span class='ocrx_word' id='word_1_82' title='bbox 1084 888 1118 922; x_wconf 83' lang='lat' dir='ltr'>S,</span> <span class='ocrx_word' id='word_1_83' title='bbox 1148 876 1378 915; x_wconf 84' lang='lat' dir='ltr'>mentionem</span> <span class='ocrx_word' id='word_1_84' title='bbox 1397 876 1546 916; x_wconf 86' lang='lat' dir='ltr'>faciunt.</span> <span class='ocrx_word' id='word_1_85' title='bbox 1614 877 1792 916; x_wconf 78' lang='lat' dir='ltr'>Miramur</span> <span class='ocrx_word' id='word_1_86' title='bbox 1806 879 1871 916; x_wconf 80' lang='lat' dir='ltr'>ita-</span> 
     </span>
     <span class='ocr_line' id='line_1_10' title="bbox 436 930 1874 991; baseline 0.003 -22"><span class='ocrx_word' id='word_1_87' title='bbox 436 944 534 986; x_wconf 19' lang='lat' dir='ltr'>tque,</span> <span class='ocrx_word' id='word_1_88' title='bbox 569 931 776 969; x_wconf 87' lang='lat' dir='ltr'>Dominum</span> <span class='ocrx_word' id='word_1_89' title='bbox 800 932 978 970; x_wconf 76' lang='lat' dir='ltr'>Amorem</span> <span class='ocrx_word' id='word_1_90' title='bbox 1005 944 1085 968; x_wconf 89' lang='lat' dir='ltr'>non</span> <span class='ocrx_word' id='word_1_91' title='bbox 1109 931 1292 982; x_wconf 72' lang='lat' dir='ltr'>pensitasse</span> <span class='ocrx_word' id='word_1_92' title='bbox 1313 933 1440 973; x_wconf 87' lang='lat' dir='ltr'>iustam</span> <span class='ocrx_word' id='word_1_93' title='bbox 1466 930 1692 984; x_wconf 59' lang='lat' dir='ltr'>remissionem</span> <span class='ocrx_word' id='word_1_94' title='bbox 1722 932 1874 991; x_wconf 68' lang='lat' dir='ltr'>insignis</span> 
     </span>
     <span class='ocr_line' id='line_1_11' title="bbox 442 982 1800 1044; baseline 0.001 -16"><span class='ocrx_word' id='word_1_95' title='bbox 442 983 672 1044; x_wconf 71' lang='lat' dir='ltr'>praeiudicii:</span> <span class='ocrx_word' id='word_1_96' title='bbox 702 982 830 1030; x_wconf 81' lang='lat' dir='ltr'>Pisces</span> <span class='ocrx_word' id='word_1_97' title='bbox 856 983 929 1027; x_wconf 85' lang='lat' dir='ltr'>effe</span> <span class='ocrx_word' id='word_1_98' title='bbox 957 983 1136 1027; x_wconf 85' lang='lat' dir='ltr'>absolute</span> <span class='ocrx_word' id='word_1_99' title='bbox 1157 997 1304 1029; x_wconf 89' lang='lat' dir='ltr'>mutos.</span> <span class='ocrx_word' id='word_1_100' title='bbox 1389 1002 1397 1005; x_wconf 44' lang='lat'><em>⁶</em></span> <span class='ocrx_word' id='word_1_101' title='bbox 1797 1012 1800 1013; x_wconf 28' lang='grc' dir='ltr'><em>ν</em></span> 
     </span>
    </p>
   </div>
   <div class='ocr_carea' id='block_1_3' title="bbox 425 1104 1874 2497">
    <p class='ocr_par' dir='ltr' id='par_1_3' title="bbox 425 1104 1874 2497">
     <span class='ocr_line' id='line_1_12' title="bbox 442 1104 1873 1158; baseline 0.001 -15"><span class='ocrx_word' id='word_1_102' title='bbox 442 1150 447 1153; x_wconf 47' lang='grc'>,</span> <span class='ocrx_word' id='word_1_103' title='bbox 557 1104 724 1145; x_wconf 84' lang='lat' dir='ltr'>Tantum</span> <span class='ocrx_word' id='word_1_104' title='bbox 750 1117 874 1145; x_wconf 86' lang='lat' dir='ltr'>autem</span> <span class='ocrx_word' id='word_1_105' title='bbox 897 1105 1012 1152; x_wconf 83' lang='lat' dir='ltr'>abest,</span> <span class='ocrx_word' id='word_1_106' title='bbox 1046 1117 1089 1144; x_wconf 86' lang='lat' dir='ltr'>ut</span> <span class='ocrx_word' id='word_1_107' title='bbox 1113 1104 1430 1157; x_wconf 39' lang='lat' dir='ltr'>vincias-dedisset</span> <span class='ocrx_word' id='word_1_108' title='bbox 1456 1118 1604 1153; x_wconf 82' lang='lat' dir='ltr'>manus,</span> <span class='ocrx_word' id='word_1_109' title='bbox 1637 1107 1726 1158; x_wconf 86' lang='lat' dir='ltr'>quin</span> <span class='ocrx_word' id='word_1_110' title='bbox 1749 1105 1873 1158; x_wconf 88' lang='lat' dir='ltr'>potius</span> 
     </span>
     <span class='ocr_line' id='line_1_13' title="bbox 442 1160 1874 1214; baseline 0.001 -14"><span class='ocrx_word' id='word_1_111' title='bbox 442 1160 562 1200; x_wconf 81' lang='lat' dir='ltr'>media</span> <span class='ocrx_word' id='word_1_112' title='bbox 587 1163 798 1212; x_wconf 84' lang='lat' dir='ltr'>conquirat,</span> <span class='ocrx_word' id='word_1_113' title='bbox 826 1160 938 1211; x_wconf 69' lang='lat' dir='ltr'>thesin</span> <span class='ocrx_word' id='word_1_114' title='bbox 959 1161 1086 1213; x_wconf 71' lang='lat' dir='ltr'>fitam,</span> <span class='ocrx_word' id='word_1_115' title='bbox 1125 1163 1297 1201; x_wconf 89' lang='lat' dir='ltr'>omnibus</span> <span class='ocrx_word' id='word_1_116' title='bbox 1324 1162 1459 1201; x_wconf 87' lang='lat' dir='ltr'>viribus</span> <span class='ocrx_word' id='word_1_117' title='bbox 1489 1175 1676 1214; x_wconf 85' lang='lat' dir='ltr'>acceptam</span> <span class='ocrx_word' id='word_1_118' title='bbox 1709 1163 1874 1202; x_wconf 87' lang='lat' dir='ltr'>reddere.</span> 
     </span>
     <span class='ocr_line' id='line_1_14' title="bbox 441 1217 1874 1274; baseline 0 -18"><span class='ocrx_word' id='word_1_119' title='bbox 441 1218 544 1265; x_wconf 83' lang='lat' dir='ltr'>Inter</span> <span class='ocrx_word' id='word_1_120' title='bbox 559 1217 622 1256; x_wconf 84' lang='lat' dir='ltr'>alia</span> <span class='ocrx_word' id='word_1_121' title='bbox 634 1229 758 1270; x_wconf 84' lang='lat' dir='ltr'>urget:</span> <span class='ocrx_word' id='word_1_122' title='bbox 782 1218 901 1274; x_wconf 83' lang='lat' dir='ltr'>pisces</span> <span class='ocrx_word' id='word_1_123' title='bbox 919 1231 1047 1258; x_wconf 78' lang='lat' dir='ltr'>carere</span> <span class='ocrx_word' id='word_1_124' title='bbox 1062 1217 1246 1268; x_wconf 77' lang='lat' dir='ltr'>musculis,</span> <span class='ocrx_word' id='word_1_125' title='bbox 1263 1218 1395 1268; x_wconf 91' lang='lat' dir='ltr'>quibus</span> <span class='ocrx_word' id='word_1_126' title='bbox 1409 1221 1469 1257; x_wconf 76' lang='lat' dir='ltr'>ae‘r</span> <span class='ocrx_word' id='word_1_127' title='bbox 1484 1219 1734 1271; x_wconf 84' lang='lat' dir='ltr'>expellendus,</span> <span class='ocrx_word' id='word_1_128' title='bbox 1751 1218 1874 1270; x_wconf 87' lang='lat' dir='ltr'>quod-</span> 
     </span>
     <span class='ocr_line' id='line_1_15' title="bbox 425 1271 1872 1326; baseline 0.001 -15"><span class='ocrx_word' id='word_1_129' title='bbox 425 1271 519 1322; x_wconf 46' lang='lat' dir='ltr'>fque</span> <span class='ocrx_word' id='word_1_130' title='bbox 543 1285 666 1311; x_wconf 84' lang='lat' dir='ltr'>motus</span> <span class='ocrx_word' id='word_1_131' title='bbox 692 1274 900 1319; x_wconf 75' lang='lat' dir='ltr'>involutarii</span> <span class='ocrx_word' id='word_1_132' title='bbox 927 1275 1130 1321; x_wconf 83' lang='lat' dir='ltr'>orirentur,</span> <span class='ocrx_word' id='word_1_133' title='bbox 1159 1275 1268 1313; x_wconf 76' lang='lat' dir='ltr'>sicubi</span> <span class='ocrx_word' id='word_1_134' title='bbox 1291 1273 1492 1313; x_wconf 83' lang='lat' dir='ltr'>vociferare</span> <span class='ocrx_word' id='word_1_135' title='bbox 1510 1275 1762 1317; x_wconf 78' lang='lat' dir='ltr'>allaborarent;</span> <span class='ocrx_word' id='word_1_136' title='bbox 1791 1273 1872 1326; x_wconf 87' lang='lat' dir='ltr'>pes-</span> 
     </span>
     <span class='ocr_line' id='line_1_16' title="bbox 443 1328 1873 1382; baseline 0.001 -15"><span class='ocrx_word' id='word_1_137' title='bbox 443 1328 522 1368; x_wconf 86' lang='lat' dir='ltr'>sum</span> <span class='ocrx_word' id='word_1_138' title='bbox 546 1331 643 1367; x_wconf 84' lang='lat' dir='ltr'>enim</span> <span class='ocrx_word' id='word_1_139' title='bbox 664 1329 716 1368; x_wconf 84' lang='lat' dir='ltr'>ire</span> <span class='ocrx_word' id='word_1_140' title='bbox 740 1342 980 1381; x_wconf 79' lang='lat' dir='ltr'>cogerentur,</span> <span class='ocrx_word' id='word_1_141' title='bbox 1009 1330 1033 1369; x_wconf 83' lang='lat' dir='ltr'>fi</span> <span class='ocrx_word' id='word_1_142' title='bbox 1048 1330 1229 1382; x_wconf 81' lang='lat' dir='ltr'>expellant</span> <span class='ocrx_word' id='word_1_143' title='bbox 1245 1332 1383 1376; x_wconf 69' lang='lat' dir='ltr'>aerem,</span> <span class='ocrx_word' id='word_1_144' title='bbox 1407 1330 1465 1369; x_wconf 84' lang='lat' dir='ltr'>vel</span> <span class='ocrx_word' id='word_1_145' title='bbox 1489 1329 1681 1369; x_wconf 80' lang='lat' dir='ltr'>reaffumto</span> <span class='ocrx_word' id='word_1_146' title='bbox 1703 1333 1800 1376; x_wconf 72' lang='lat' dir='ltr'>aere,</span> <span class='ocrx_word' id='word_1_147' title='bbox 1830 1340 1873 1368; x_wconf 92' lang='lat' dir='ltr'>ut</span> 
     </span>
     <span class='ocr_line' id='line_1_17' title="bbox 443 1384 1872 1439; baseline 0.002 -17"><span class='ocrx_word' id='word_1_148' title='bbox 443 1385 569 1423; x_wconf 86' lang='lat' dir='ltr'>denuo</span> <span class='ocrx_word' id='word_1_149' title='bbox 586 1385 1098 1435; x_wconf 53' lang='lat' dir='ltr'>vociferarent‚jtollerentum</span> <span class='ocrx_word' id='word_1_150' title='bbox 1123 1398 1254 1437; x_wconf 83' lang='lat' dir='ltr'>praeter</span> <span class='ocrx_word' id='word_1_151' title='bbox 1269 1386 1506 1437; x_wconf 85' lang='lat' dir='ltr'>opinionem,</span> <span class='ocrx_word' id='word_1_152' title='bbox 1526 1386 1565 1424; x_wconf 88' lang='lat' dir='ltr'>in</span> <span class='ocrx_word' id='word_1_153' title='bbox 1581 1386 1704 1425; x_wconf 76' lang='lat' dir='ltr'>altum.</span> <span class='ocrx_word' id='word_1_154' title='bbox 1764 1384 1872 1439; x_wconf 81' lang='lat' dir='ltr'>Qfi</span> 
     </span>
     <span class='ocr_line' id='line_1_18' title="bbox 443 1440 1872 1492; baseline 0.001 -14"><span class='ocrx_word' id='word_1_155' title='bbox 443 1453 534 1478; x_wconf 86' lang='lat' dir='ltr'>vero</span> <span class='ocrx_word' id='word_1_156' title='bbox 551 1440 656 1492; x_wconf 87' lang='lat' dir='ltr'>piscis</span> <span class='ocrx_word' id='word_1_157' title='bbox 680 1441 793 1479; x_wconf 81' lang='lat' dir='ltr'>vefica</span> <span class='ocrx_word' id='word_1_158' title='bbox 808 1442 983 1481; x_wconf 84' lang='lat' dir='ltr'>natatoria</span> <span class='ocrx_word' id='word_1_159' title='bbox 1005 1441 1050 1478; x_wconf 79' lang='lat' dir='ltr'>ad</span> <span class='ocrx_word' id='word_1_160' title='bbox 1067 1440 1347 1479; x_wconf 78' lang='lat' dir='ltr'>vociferationes</span> <span class='ocrx_word' id='word_1_161' title='bbox 1367 1454 1462 1492; x_wconf 90' lang='lat' dir='ltr'>opus</span> <span class='ocrx_word' id='word_1_162' title='bbox 1484 1442 1632 1488; x_wconf 76' lang='lat' dir='ltr'>habeat,</span> <span class='ocrx_word' id='word_1_163' title='bbox 1661 1453 1785 1480; x_wconf 84' lang='lat' dir='ltr'>revera</span> <span class='ocrx_word' id='word_1_164' title='bbox 1802 1454 1872 1479; x_wconf 92' lang='lat' dir='ltr'>vo-</span> 
     </span>
     <span class='ocr_line' id='line_1_19' title="bbox 445 1495 1872 1548; baseline -0.001 -13"><span class='ocrx_word' id='word_1_165' title='bbox 445 1495 595 1535; x_wconf 82' lang='lat' dir='ltr'>ciferare</span> <span class='ocrx_word' id='word_1_166' title='bbox 611 1495 634 1534; x_wconf 86' lang='lat' dir='ltr'>fi</span> <span class='ocrx_word' id='word_1_167' title='bbox 651 1497 786 1548; x_wconf 78' lang='lat' dir='ltr'>poffet3</span> <span class='ocrx_word' id='word_1_168' title='bbox 814 1495 851 1534; x_wconf 74' lang='grc' dir='ltr'>ὃ(</span> <span class='ocrx_word' id='word_1_169' title='bbox 867 1497 1034 1535; x_wconf 86' lang='lat' dir='ltr'>lubenter</span> <span class='ocrx_word' id='word_1_170' title='bbox 1049 1510 1095 1535; x_wconf 84' lang='lat' dir='ltr'>ex</span> <span class='ocrx_word' id='word_1_171' title='bbox 1113 1497 1282 1536; x_wconf 88' lang='lat' dir='ltr'>Domino</span> <span class='ocrx_word' id='word_1_172' title='bbox 1298 1497 1445 1535; x_wconf 85' lang='lat' dir='ltr'>Autore</span> <span class='ocrx_word' id='word_1_173' title='bbox 1462 1496 1605 1543; x_wconf 90' lang='lat' dir='ltr'>scirem,</span> <span class='ocrx_word' id='word_1_174' title='bbox 1635 1509 1713 1547; x_wconf 90' lang='lat' dir='ltr'>quo</span> <span class='ocrx_word' id='word_1_175' title='bbox 1731 1497 1872 1534; x_wconf 81' lang='lat' dir='ltr'>emittat</span> 
     </span>
     <span class='ocr_line' id='line_1_20' title="bbox 442 1551 1872 1604; baseline -0.001 -13"><span class='ocrx_word' id='word_1_176' title='bbox 442 1555 564 1591; x_wconf 71' lang='lat' dir='ltr'>aerem</span> <span class='ocrx_word' id='word_1_177' title='bbox 585 1551 710 1603; x_wconf 87' lang='lat' dir='ltr'>piscis,</span> <span class='ocrx_word' id='word_1_178' title='bbox 734 1551 770 1590; x_wconf 87' lang='lat'>&amp;</span> <span class='ocrx_word' id='word_1_179' title='bbox 792 1553 892 1591; x_wconf 89' lang='lat' dir='ltr'>unde</span> <span class='ocrx_word' id='word_1_180' title='bbox 916 1552 1033 1591; x_wconf 89' lang='lat' dir='ltr'>rursus</span> <span class='ocrx_word' id='word_1_181' title='bbox 1057 1553 1206 1604; x_wconf 83' lang='lat' dir='ltr'>impleat</span> <span class='ocrx_word' id='word_1_182' title='bbox 1230 1551 1384 1590; x_wconf 80' lang='lat' dir='ltr'>vesicam</span> <span class='ocrx_word' id='word_1_183' title='bbox 1410 1555 1569 1599; x_wconf 75' lang='lat' dir='ltr'>ae&#39;ream,</span> <span class='ocrx_word' id='word_1_184' title='bbox 1596 1551 1740 1603; x_wconf 89' lang='lat' dir='ltr'>quoties</span> <span class='ocrx_word' id='word_1_185' title='bbox 1757 1553 1815 1590; x_wconf 90' lang='lat' dir='ltr'>vel</span> <span class='ocrx_word' id='word_1_186' title='bbox 1832 1551 1872 1589; x_wconf 89' lang='lat' dir='ltr'>in</span> 
     </span>
     <span class='ocr_line' id='line_1_21' title="bbox 441 1605 1872 1661; baseline 0 -16"><span class='ocrx_word' id='word_1_187' title='bbox 441 1607 673 1661; x_wconf 86' lang='lat' dir='ltr'>profundum</span> <span class='ocrx_word' id='word_1_188' title='bbox 698 1607 732 1646; x_wconf 92' lang='lat' dir='ltr'>se</span> <span class='ocrx_word' id='word_1_189' title='bbox 754 1609 977 1660; x_wconf 75' lang='lat' dir='ltr'>praeCIpitet,</span> <span class='ocrx_word' id='word_1_190' title='bbox 1012 1608 1070 1646; x_wconf 87' lang='lat' dir='ltr'>vel</span> <span class='ocrx_word' id='word_1_191' title='bbox 1090 1608 1129 1646; x_wconf 93' lang='lat' dir='ltr'>in</span> <span class='ocrx_word' id='word_1_192' title='bbox 1147 1608 1259 1647; x_wconf 87' lang='lat' dir='ltr'>altum</span> <span class='ocrx_word' id='word_1_193' title='bbox 1275 1608 1442 1654; x_wconf 81' lang='lat' dir='ltr'>tonatur,</span> <span class='ocrx_word' id='word_1_194' title='bbox 1473 1608 1656 1646; x_wconf 89' lang='lat' dir='ltr'>continuo</span> <span class='ocrx_word' id='word_1_195' title='bbox 1672 1618 1796 1650; x_wconf 89' lang='lat' dir='ltr'>motu;</span> <span class='ocrx_word' id='word_1_196' title='bbox 1834 1605 1872 1645; x_wconf 89' lang='lat'>&amp;</span> 
     </span>
     <span class='ocr_line' id='line_1_22' title="bbox 438 1661 1869 1720; baseline -0.002 -18"><span class='ocrx_word' id='word_1_197' title='bbox 438 1664 541 1712; x_wconf 75' lang='lat' dir='ltr'>unde</span> <span class='ocrx_word' id='word_1_198' title='bbox 562 1663 620 1710; x_wconf 85' lang='lat' dir='ltr'>fit,</span> <span class='ocrx_word' id='word_1_199' title='bbox 650 1665 752 1714; x_wconf 80' lang='lat' dir='ltr'>quod</span> <span class='ocrx_word' id='word_1_200' title='bbox 771 1664 936 1702; x_wconf 85' lang='lat' dir='ltr'>nonnulli</span> <span class='ocrx_word' id='word_1_201' title='bbox 955 1664 1068 1716; x_wconf 87' lang='lat' dir='ltr'>pisces</span> <span class='ocrx_word' id='word_1_202' title='bbox 1089 1661 1242 1720; x_wconf 83' lang='lat' dir='ltr'>duplici,</span> <span class='ocrx_word' id='word_1_203' title='bbox 1273 1663 1330 1701; x_wconf 88' lang='lat' dir='ltr'>alii</span> <span class='ocrx_word' id='word_1_204' title='bbox 1346 1676 1436 1701; x_wconf 89' lang='lat' dir='ltr'>vero</span> <span class='ocrx_word' id='word_1_205' title='bbox 1451 1662 1613 1713; x_wconf 78' lang='lat' dir='ltr'>simplici</span> <span class='ocrx_word' id='word_1_206' title='bbox 1633 1661 1746 1712; x_wconf 73' lang='lat' dir='ltr'>vestm</span> <span class='ocrx_word' id='word_1_207' title='bbox 1769 1674 1869 1700; x_wconf 84' lang='lat' dir='ltr'>nata-</span> 
     </span>
     <span class='ocr_line' id='line_1_23' title="bbox 441 1719 1871 1770; baseline -0.001 -13"><span class='ocrx_word' id='word_1_208' title='bbox 441 1720 535 1758; x_wconf 87' lang='lat' dir='ltr'>toria</span> <span class='ocrx_word' id='word_1_209' title='bbox 560 1719 721 1770; x_wconf 71' lang='lat' dir='ltr'>praediti,</span> <span class='ocrx_word' id='word_1_210' title='bbox 746 1731 788 1758; x_wconf 90' lang='lat' dir='ltr'>ut</span> <span class='ocrx_word' id='word_1_211' title='bbox 809 1720 1047 1770; x_wconf 62' lang='lat' dir='ltr'>aequilibrium</span> <span class='ocrx_word' id='word_1_212' title='bbox 1066 1720 1105 1758; x_wconf 90' lang='lat' dir='ltr'>in</span> <span class='ocrx_word' id='word_1_213' title='bbox 1130 1733 1219 1770; x_wconf 76' lang='lat' dir='ltr'>aqua</span> <span class='ocrx_word' id='word_1_214' title='bbox 1241 1719 1404 1757; x_wconf 85' lang='lat' dir='ltr'>servent?</span> <span class='ocrx_word' id='word_1_215' title='bbox 1460 1719 1534 1758; x_wconf 88' lang='lat' dir='ltr'>Sed</span> <span class='ocrx_word' id='word_1_216' title='bbox 1555 1719 1633 1757; x_wconf 80' lang='lat' dir='ltr'>haec</span> <span class='ocrx_word' id='word_1_217' title='bbox 1651 1719 1774 1757; x_wconf 82' lang='lat' dir='ltr'>omnia</span> <span class='ocrx_word' id='word_1_218' title='bbox 1790 1730 1871 1756; x_wconf 90' lang='lat' dir='ltr'>non</span> 
     </span>
     <span class='ocr_line' id='line_1_24' title="bbox 439 1772 1869 1833; baseline -0.003 -17"><span class='ocrx_word' id='word_1_219' title='bbox 439 1775 524 1816; x_wconf 86' lang='lat' dir='ltr'>sunt</span> <span class='ocrx_word' id='word_1_220' title='bbox 548 1776 654 1813; x_wconf 84' lang='lat' dir='ltr'>huius</span> <span class='ocrx_word' id='word_1_221' title='bbox 678 1775 762 1814; x_wconf 88' lang='lat' dir='ltr'>loci.</span> <span class='ocrx_word' id='word_1_222' title='bbox 837 1776 952 1813; x_wconf 73' lang='lat' dir='ltr'>Satius</span> <span class='ocrx_word' id='word_1_223' title='bbox 978 1777 1097 1822; x_wconf 88' lang='lat' dir='ltr'>duco,</span> <span class='ocrx_word' id='word_1_224' title='bbox 1129 1772 1221 1833; x_wconf 83' lang='lat' dir='ltr'>quod</span> <span class='ocrx_word' id='word_1_225' title='bbox 1238 1774 1348 1831; x_wconf 81' lang='lat' dir='ltr'>piscis</span> <span class='ocrx_word' id='word_1_226' title='bbox 1362 1774 1493 1827; x_wconf 77' lang='lat' dir='ltr'>anum</span> <span class='ocrx_word' id='word_1_227' title='bbox 1514 1773 1670 1819; x_wconf 81' lang='lat' dir='ltr'>faciens,</span> <span class='ocrx_word' id='word_1_228' title='bbox 1704 1787 1784 1812; x_wconf 88' lang='lat' dir='ltr'>non</span> <span class='ocrx_word' id='word_1_229' title='bbox 1804 1772 1869 1811; x_wconf 81' lang='lat' dir='ltr'>nifi</span> 
     </span>
     <span class='ocr_line' id='line_1_25' title="bbox 436 1830 1869 1888; baseline -0.006 -14"><span class='ocrx_word' id='word_1_230' title='bbox 436 1830 604 1888; x_wconf 75' lang='lat' dir='ltr'>opercula</span> <span class='ocrx_word' id='word_1_231' title='bbox 627 1832 876 1870; x_wconf 79' lang='lat' dir='ltr'>branchiarum</span> <span class='ocrx_word' id='word_1_232' title='bbox 904 1831 1137 1887; x_wconf 64' lang='lat' dir='ltr'>comprimat,</span> <span class='ocrx_word' id='word_1_233' title='bbox 1174 1832 1233 1868; x_wconf 89' lang='lat' dir='ltr'>vel</span> <span class='ocrx_word' id='word_1_234' title='bbox 1255 1830 1424 1881; x_wconf 81' lang='lat' dir='ltr'>spiracula</span> <span class='ocrx_word' id='word_1_235' title='bbox 1448 1830 1609 1875; x_wconf 82' lang='lat' dir='ltr'>claudat,</span> <span class='ocrx_word' id='word_1_236' title='bbox 1637 1830 1676 1867; x_wconf 89' lang='lat' dir='ltr'>ni</span> <span class='ocrx_word' id='word_1_237' title='bbox 1702 1830 1869 1868; x_wconf 82' lang='lat' dir='ltr'>crederes</span> 
     </span>
     <span class='ocr_line' id='line_1_26' title="bbox 440 1885 1869 1939; baseline -0.002 -14"><span class='ocrx_word' id='word_1_238' title='bbox 440 1890 457 1939; x_wconf 89' lang='lat'>(</span> <span class='ocrx_word' id='word_1_239' title='bbox 476 1888 579 1938; x_wconf 89' lang='lat' dir='ltr'>quod</span> <span class='ocrx_word' id='word_1_240' title='bbox 603 1901 673 1925; x_wconf 90' lang='lat' dir='ltr'>nec</span> <span class='ocrx_word' id='word_1_241' title='bbox 701 1888 835 1926; x_wconf 85' lang='lat' dir='ltr'>collum</span> <span class='ocrx_word' id='word_1_242' title='bbox 858 1900 928 1925; x_wconf 88' lang='lat' dir='ltr'>nec</span> <span class='ocrx_word' id='word_1_243' title='bbox 952 1889 1135 1925; x_wconf 73' lang='lat' dir='ltr'>tracheam</span> <span class='ocrx_word' id='word_1_244' title='bbox 1161 1887 1304 1936; x_wconf 80' lang='lat' dir='ltr'>habet)</span> <span class='ocrx_word' id='word_1_245' title='bbox 1321 1885 1453 1936; x_wconf 86' lang='lat' dir='ltr'>piscem</span> <span class='ocrx_word' id='word_1_246' title='bbox 1472 1898 1519 1923; x_wconf 78' lang='lat' dir='ltr'>ex</span> <span class='ocrx_word' id='word_1_247' title='bbox 1543 1885 1751 1931; x_wconf 84' lang='lat' dir='ltr'>stomacho,</span> <span class='ocrx_word' id='word_1_248' title='bbox 1779 1885 1869 1935; x_wconf 78' lang='lat' dir='ltr'>gulae</span> 
     </span>
     <span class='ocr_line' id='line_1_27' title="bbox 442 1939 1869 1999; baseline -0.004 -16"><span class='ocrx_word' id='word_1_249' title='bbox 442 1944 643 1989; x_wconf 86' lang='lat' dir='ltr'>continuo,</span> <span class='ocrx_word' id='word_1_250' title='bbox 675 1947 795 1983; x_wconf 80' lang='lat' dir='ltr'>a&#39;e&#39;rem</span> <span class='ocrx_word' id='word_1_251' title='bbox 818 1956 888 1995; x_wconf 91' lang='lat' dir='ltr'>pro</span> <span class='ocrx_word' id='word_1_252' title='bbox 906 1942 997 1981; x_wconf 83' lang='lat' dir='ltr'>sono</span> <span class='ocrx_word' id='word_1_253' title='bbox 1014 1944 1246 1994; x_wconf 87' lang='lat' dir='ltr'>depromere;</span> <span class='ocrx_word' id='word_1_254' title='bbox 1282 1939 1375 1999; x_wconf 79' lang='lat' dir='ltr'>quod</span> <span class='ocrx_word' id='word_1_255' title='bbox 1396 1941 1510 1989; x_wconf 75' lang='lat' dir='ltr'>risitm</span> <span class='ocrx_word' id='word_1_256' title='bbox 1535 1952 1703 1981; x_wconf 80' lang='lat' dir='ltr'>moveret.</span> <span class='ocrx_word' id='word_1_257' title='bbox 1769 1942 1869 1979; x_wconf 87' lang='lat' dir='ltr'>Cum</span> 
     </span>
     <span class='ocr_line' id='line_1_28' title="bbox 441 1994 1870 2051; baseline -0.004 -12"><span class='ocrx_word' id='word_1_258' title='bbox 441 1998 588 2051; x_wconf 84' lang='lat' dir='ltr'>insuper</span> <span class='ocrx_word' id='word_1_259' title='bbox 611 2001 815 2038; x_wconf 85' lang='lat' dir='ltr'>Dominum</span> <span class='ocrx_word' id='word_1_260' title='bbox 840 2002 1014 2039; x_wconf 76' lang='lat' dir='ltr'>Amorem</span> <span class='ocrx_word' id='word_1_261' title='bbox 1041 1999 1196 2051; x_wconf 87' lang='lat' dir='ltr'>piscibus</span> <span class='ocrx_word' id='word_1_262' title='bbox 1222 1998 1362 2047; x_wconf 75' lang='lat' dir='ltr'>[Z’nsitm</span> <span class='ocrx_word' id='word_1_263' title='bbox 1387 1994 1561 2036; x_wconf 77' lang='lat' dir='ltr'>odorandi</span> <span class='ocrx_word' id='word_1_264' title='bbox 1585 2010 1665 2035; x_wconf 89' lang='lat' dir='ltr'>non</span> <span class='ocrx_word' id='word_1_265' title='bbox 1683 1995 1870 2047; x_wconf 73' lang='lat' dir='ltr'>denegasse</span> 
     </span>
     <span class='ocr_line' id='line_1_29' title="bbox 443 2053 1870 2107; baseline -0.004 -13"><span class='ocrx_word' id='word_1_266' title='bbox 443 2055 703 2107; x_wconf 83' lang='lat' dir='ltr'>deprehendo,</span> <span class='ocrx_word' id='word_1_267' title='bbox 739 2068 878 2106; x_wconf 76' lang='lat' dir='ltr'>meatus</span> <span class='ocrx_word' id='word_1_268' title='bbox 905 2067 1026 2093; x_wconf 79' lang='lat' dir='ltr'>autem</span> <span class='ocrx_word' id='word_1_269' title='bbox 1055 2054 1204 2093; x_wconf 53' lang='lat' dir='ltr'>olfaeius</span> <span class='ocrx_word' id='word_1_270' title='bbox 1232 2054 1269 2091; x_wconf 91' lang='lat' dir='ltr'>in</span> <span class='ocrx_word' id='word_1_271' title='bbox 1294 2053 1450 2105; x_wconf 87' lang='lat' dir='ltr'>piscibus</span> <span class='ocrx_word' id='word_1_272' title='bbox 1476 2053 1526 2092; x_wconf 79' lang='lat' dir='ltr'>sat</span> <span class='ocrx_word' id='word_1_273' title='bbox 1548 2053 1661 2105; x_wconf 87' lang='lat' dir='ltr'>patuli</span> <span class='ocrx_word' id='word_1_274' title='bbox 1693 2054 1870 2104; x_wconf 73' lang='lat' dir='ltr'>prostant,</span> 
     </span>
     <span class='ocr_line' id='line_1_30' title="bbox 443 2107 1870 2164; baseline -0.004 -14"><span class='ocrx_word' id='word_1_275' title='bbox 443 2111 542 2150; x_wconf 82' lang='lat' dir='ltr'>haud</span> <span class='ocrx_word' id='word_1_276' title='bbox 565 2109 758 2150; x_wconf 83' lang='lat' dir='ltr'>difficulter</span> <span class='ocrx_word' id='word_1_277' title='bbox 782 2111 1148 2162; x_wconf 79' lang='lat' dir='ltr'>comprehendimus,</span> <span class='ocrx_word' id='word_1_278' title='bbox 1176 2108 1290 2160; x_wconf 83' lang='lat' dir='ltr'>pisces</span> <span class='ocrx_word' id='word_1_279' title='bbox 1318 2109 1375 2147; x_wconf 89' lang='lat' dir='ltr'>vel</span> <span class='ocrx_word' id='word_1_280' title='bbox 1395 2120 1465 2164; x_wconf 82' lang='lat' dir='ltr'>per</span> <span class='ocrx_word' id='word_1_281' title='bbox 1491 2121 1600 2149; x_wconf 77' lang='lat' dir='ltr'>nares</span> <span class='ocrx_word' id='word_1_282' title='bbox 1613 2108 1764 2160; x_wconf 78' lang='lat' dir='ltr'>sonoros</span> <span class='ocrx_word' id='word_1_283' title='bbox 1790 2107 1870 2151; x_wconf 74' lang='lat' dir='ltr'>elie,</span> 
     </span>
     <span class='ocr_line' id='line_1_31' title="bbox 446 2164 1869 2218; baseline -0.004 -13"><span class='ocrx_word' id='word_1_284' title='bbox 446 2180 531 2206; x_wconf 83' lang='lat' dir='ltr'>eum</span> <span class='ocrx_word' id='word_1_285' title='bbox 547 2166 583 2205; x_wconf 73' lang='grc' dir='ltr'>ἃ</span> <span class='ocrx_word' id='word_1_286' title='bbox 600 2180 668 2205; x_wconf 90' lang='lat' dir='ltr'>nos</span> <span class='ocrx_word' id='word_1_287' title='bbox 684 2167 879 2218; x_wconf 87' lang='lat' dir='ltr'>plurimum</span> <span class='ocrx_word' id='word_1_288' title='bbox 897 2180 963 2218; x_wconf 86' lang='lat' dir='ltr'>per</span> <span class='ocrx_word' id='word_1_289' title='bbox 979 2179 1080 2204; x_wconf 82' lang='lat' dir='ltr'>nares</span> <span class='ocrx_word' id='word_1_290' title='bbox 1104 2165 1264 2203; x_wconf 59' lang='lat' dir='ltr'>distinff‘ca</span> <span class='ocrx_word' id='word_1_291' title='bbox 1283 2166 1391 2203; x_wconf 71' lang='lat' dir='ltr'>verba</span> <span class='ocrx_word' id='word_1_292' title='bbox 1410 2166 1613 2215; x_wconf 84' lang='lat' dir='ltr'>loquimur,</span> <span class='ocrx_word' id='word_1_293' title='bbox 1640 2164 1772 2202; x_wconf 79' lang='lat' dir='ltr'>etiamsi</span> <span class='ocrx_word' id='word_1_294' title='bbox 1790 2164 1869 2200; x_wconf 77' lang='lat' dir='ltr'>vu}-</span> 
     </span>
     <span class='ocr_line' id='line_1_32' title="bbox 445 2218 1870 2279; baseline -0.004 -19"><span class='ocrx_word' id='word_1_295' title='bbox 445 2235 495 2274; x_wconf 75' lang='lat' dir='ltr'>go</span> <span class='ocrx_word' id='word_1_296' title='bbox 519 2223 736 2273; x_wconf 78' lang='lat' dir='ltr'>paradoxon</span> <span class='ocrx_word' id='word_1_297' title='bbox 760 2223 893 2261; x_wconf 79' lang='lat' dir='ltr'>audiat:</span> <span class='ocrx_word' id='word_1_298' title='bbox 921 2221 1019 2279; x_wconf 77' lang='lat' dir='ltr'>loqui</span> <span class='ocrx_word' id='word_1_299' title='bbox 1038 2234 1103 2269; x_wconf 73' lang='lat' dir='ltr'>per</span> <span class='ocrx_word' id='word_1_300' title='bbox 1127 2235 1260 2264; x_wconf 57' lang='lat' dir='ltr'>narem</span> <span class='ocrx_word' id='word_1_301' title='bbox 1299 2220 1335 2258; x_wconf 74' lang='grc' dir='ltr'>ἃ</span> <span class='ocrx_word' id='word_1_302' title='bbox 1353 2234 1437 2258; x_wconf 85' lang='lat' dir='ltr'>eum</span> <span class='ocrx_word' id='word_1_303' title='bbox 1465 2221 1519 2258; x_wconf 81' lang='lat' dir='ltr'>vel</span> <span class='ocrx_word' id='word_1_304' title='bbox 1539 2233 1641 2258; x_wconf 80' lang='lat' dir='ltr'>nares</span> <span class='ocrx_word' id='word_1_305' title='bbox 1666 2218 1870 2257; x_wconf 71' lang='lat' dir='ltr'>sufficei&#39;ent</span> 
     </span>
     <span class='ocr_line' id='line_1_33' title="bbox 447 2276 1869 2329; baseline -0.005 -12"><span class='ocrx_word' id='word_1_306' title='bbox 447 2279 491 2317; x_wconf 82' lang='lat' dir='ltr'>ad</span> <span class='ocrx_word' id='word_1_307' title='bbox 508 2278 618 2317; x_wconf 85' lang='lat' dir='ltr'>sonos</span> <span class='ocrx_word' id='word_1_308' title='bbox 635 2279 806 2324; x_wconf 81' lang='lat' dir='ltr'>ciendos,</span> <span class='ocrx_word' id='word_1_309' title='bbox 827 2292 921 2329; x_wconf 88' lang='lat' dir='ltr'>opus</span> <span class='ocrx_word' id='word_1_310' title='bbox 940 2291 1017 2317; x_wconf 91' lang='lat' dir='ltr'>non</span> <span class='ocrx_word' id='word_1_311' title='bbox 1033 2278 1205 2316; x_wconf 73' lang='lat' dir='ltr'>lmbuiflet</span> <span class='ocrx_word' id='word_1_312' title='bbox 1221 2277 1404 2315; x_wconf 85' lang='lat' dir='ltr'>Dominus</span> <span class='ocrx_word' id='word_1_313' title='bbox 1425 2280 1565 2327; x_wconf 78' lang='lat' dir='ltr'>Amor,</span> <span class='ocrx_word' id='word_1_314' title='bbox 1581 2276 1792 2325; x_wconf 78' lang='lat' dir='ltr'>investigare</span> <span class='ocrx_word' id='word_1_315' title='bbox 1809 2286 1869 2310; x_wconf 93' lang='lat' dir='ltr'>or-</span> 
     </span>
     <span class='ocr_line' id='line_1_34' title="bbox 447 2330 1869 2400; baseline -0.004 -28"><span class='ocrx_word' id='word_1_316' title='bbox 447 2344 536 2386; x_wconf 65' lang='lat' dir='ltr'>gana</span> <span class='ocrx_word' id='word_1_317' title='bbox 554 2335 622 2380; x_wconf 90' lang='lat' dir='ltr'>ibi,</span> <span class='ocrx_word' id='word_1_318' title='bbox 651 2336 713 2373; x_wconf 89' lang='lat' dir='ltr'>ubi</span> <span class='ocrx_word' id='word_1_319' title='bbox 729 2335 822 2372; x_wconf 62' lang='lat' dir='ltr'>null-„³</span> <span class='ocrx_word' id='word_1_320' title='bbox 843 2334 987 2400; x_wconf 46' lang='lat' dir='ltr'>adsunt,</span> <span class='ocrx_word' id='word_1_321' title='bbox 1016 2335 1146 2384; x_wconf 83' lang='lat' dir='ltr'>quibus</span> <span class='ocrx_word' id='word_1_322' title='bbox 1173 2333 1413 2371; x_wconf 77' lang='lat' dir='ltr'>mediantibus</span> <span class='ocrx_word' id='word_1_323' title='bbox 1433 2331 1547 2384; x_wconf 80' lang='lat' dir='ltr'>pisces</span> <span class='ocrx_word' id='word_1_324' title='bbox 1570 2333 1713 2369; x_wconf 79' lang='lat' dir='ltr'>vocales</span> <span class='ocrx_word' id='word_1_325' title='bbox 1740 2330 1869 2367; x_wconf 85' lang='lat' dir='ltr'>redde-</span> 
     </span>
     <span class='ocr_line' id='line_1_35' title="bbox 446 2384 1870 2441; baseline -0.004 -14"><span class='ocrx_word' id='word_1_326' title='bbox 446 2402 591 2434; x_wconf 89' lang='lat' dir='ltr'>rentur,</span> <span class='ocrx_word' id='word_1_327' title='bbox 626 2391 683 2428; x_wconf 86' lang='lat' dir='ltr'>vel</span> <span class='ocrx_word' id='word_1_328' title='bbox 699 2390 745 2428; x_wconf 87' lang='lat' dir='ltr'>de</span> <span class='ocrx_word' id='word_1_329' title='bbox 762 2390 926 2427; x_wconf 80' lang='lat' dir='ltr'>musculis</span> <span class='ocrx_word' id='word_1_330' title='bbox 946 2403 1015 2441; x_wconf 90' lang='lat' dir='ltr'>pro</span> <span class='ocrx_word' id='word_1_331' title='bbox 1034 2389 1252 2440; x_wconf 76' lang='lat' dir='ltr'>expellendo</span> <span class='ocrx_word' id='word_1_332' title='bbox 1277 2387 1377 2434; x_wconf 71' lang='lat' dir='ltr'>a&#39;c&#39;re,</span> <span class='ocrx_word' id='word_1_333' title='bbox 1407 2387 1531 2425; x_wconf 86' lang='lat' dir='ltr'>nescio</span> <span class='ocrx_word' id='word_1_334' title='bbox 1548 2387 1665 2432; x_wconf 86' lang='lat' dir='ltr'>unde,</span> <span class='ocrx_word' id='word_1_335' title='bbox 1696 2386 1802 2422; x_wconf 75' lang='lat' dir='ltr'>verba</span> <span class='ocrx_word' id='word_1_336' title='bbox 1821 2384 1870 2422; x_wconf 75' lang='lat' dir='ltr'>fa-</span> 
     </span>
     <span class='ocr_line' id='line_1_36' title="bbox 447 2440 1868 2497; baseline -0.003 -14"><span class='ocrx_word' id='word_1_337' title='bbox 447 2459 550 2491; x_wconf 82' lang='lat' dir='ltr'>cere,</span> <span class='ocrx_word' id='word_1_338' title='bbox 584 2446 637 2483; x_wconf 89' lang='lat' dir='ltr'>his</span> <span class='ocrx_word' id='word_1_339' title='bbox 663 2459 751 2482; x_wconf 87' lang='lat' dir='ltr'>vero</span> <span class='ocrx_word' id='word_1_340' title='bbox 777 2446 903 2483; x_wconf 80' lang='lat' dir='ltr'>nullibi</span> <span class='ocrx_word' id='word_1_341' title='bbox 927 2446 1104 2492; x_wconf 81' lang='lat' dir='ltr'>inventis,</span> <span class='ocrx_word' id='word_1_342' title='bbox 1133 2444 1246 2497; x_wconf 83' lang='lat' dir='ltr'>pisces</span> <span class='ocrx_word' id='word_1_343' title='bbox 1274 2454 1428 2491; x_wconf 88' lang='lat' dir='ltr'>mutos,</span> <span class='ocrx_word' id='word_1_344' title='bbox 1459 2443 1514 2490; x_wconf 71' lang='grc' dir='ltr'>ἃ,</span> <span class='ocrx_word' id='word_1_345' title='bbox 1532 2443 1634 2494; x_wconf 88' lang='lat' dir='ltr'>quod</span> <span class='ocrx_word' id='word_1_346' title='bbox 1659 2445 1754 2481; x_wconf 81' lang='lat' dir='ltr'>muti</span> <span class='ocrx_word' id='word_1_347' title='bbox 1762 2440 1868 2493; x_wconf 67' lang='lat' dir='ltr'>silut,</span> 
     </span>
    </p>
   </div>
   <div class='ocr_carea' id='block_1_4' title="bbox 444 2498 1868 2598">
    <p class='ocr_par' dir='ltr' id='par_1_4' title="bbox 444 2498 1868 2598">
     <span class='ocr_line' id='line_1_37' title="bbox 444 2498 901 2541; baseline 0 0"><span class='ocrx_word' id='word_1_348' title='bbox 444 2498 581 2541; x_wconf 85' lang='lat' dir='ltr'>surdos</span> <span class='ocrx_word' id='word_1_349' title='bbox 603 2501 710 2540; x_wconf 77' lang='lat' dir='ltr'>etiam</span> <span class='ocrx_word' id='word_1_350' title='bbox 734 2501 901 2541; x_wconf 76' lang='lat' dir='ltr'>iudicare.</span> 
     </span>
     <span class='ocr_line' id='line_1_38' title="bbox 1704 2551 1868 2598; baseline 0 -10"><span class='ocrx_word' id='word_1_351' title='bbox 1704 2551 1725 2598; x_wconf 65' lang='lat' dir='ltr'>g</span> <span class='ocrx_word' id='word_1_352' title='bbox 1750 2551 1868 2588; x_wconf 74' lang='lat' dir='ltr'>xm.</span> 
     </span>
    </p>
   </div>
   <div class='ocr_carea' id='block_1_5' title="bbox 2139 1738 2169 2328">
    <p class='ocr_par' dir='ltr' id='par_1_5' title="bbox 2139 1738 2169 2328">
     <span class='ocr_line' id='line_1_39' title="bbox 2139 1738 2169 2328; baseline 0 684"><span class='ocrx_word' id='word_1_353' title='bbox 2139 1738 2169 2328; x_wconf 95' lang='lat' dir='ltr'> </span> 
     </span>
    </p>
   </div>
  </div>
 </body>
</html>
