2169 3012
407 411 454 437 zo
906 399 992 439 DE
1047 398 1243 439 SONO
1301 399 1390 440 ET

509 534 627 575 Nullo
645 544 816 588 tempore
832 536 923 574 mihi
937 536 1152 588 persuadere
1168 537 1295 588 potui,
1322 538 1445 576 unicos
1470 535 1681 591 Physbteres
1697 537 1843 588 pulmo-

410 591 520 631 nibus
545 591 741 643 praeditos‚
769 593 905 631 auritos
916 620 926 638 ‚
946 594 1064 650 pisces
1082 605 1173 631 vero
1190 590 1423 633 branchiatos
1439 592 1564 632 surdos
1580 594 1649 632 esle
1665 593 1681 642 (
1690 597 1722 643 9‘
1739 596 1844 645 XX)

409 648 515 698 quod
542 660 630 686 cum
661 648 804 686 ratione
829 661 908 687 non
940 645 1141 687 convenire
1173 649 1398 700 cogit-abtim,
1435 647 1684 707 quadrupedia
1710 648 1845 706 pilosa,

411 704 602 742 evidenter
628 704 742 742 aurita
768 703 889 750 nofl'e,
918 705 1119 762 squamata
1137 735 1148 755 ,
1185 706 1245 743 vel
1277 715 1428 745 catacea
1455 717 1546 743 vero
1576 706 1844 757 quadrupedia,

411 758 549 798 etiamsi
569 772 672 797 aures
690 771 855 798 externas
874 773 954 799 non
973 762 1148 806 habeant,
1176 759 1282 798 surda
1298 761 1460 799 credere.
1511 761 1574 801 Ab
1587 761 1845 812 Ichthyologis

412 815 566 865 aliisque
590 815 748 864 Phylicis
769 816 1034 863 celeberrimis,
1072 816 1136 867 qui
1165 816 1286 854 obiter
1311 816 1408 854 hanc
1431 818 1614 856 materiam
1635 817 1846 863 traciarunt,

409 883 540 924 parum
556 870 670 909 solatii
687 871 941 923 reportabam,
975 884 1106 924 praeter
1121 872 1182 918 id,
1207 872 1310 922 quod
1333 872 1484 923 plurimi
1502 872 1677 911 dixerint:
1715 870 1847 913 audire

405 926 520 984 pifies
529 940 544 970 ;
574 939 594 965 e
611 939 741 966 contra
760 927 839 973 alii,
866 928 965 966 inter
982 940 1075 979 quos
1092 927 1128 965 &
1147 928 1334 966 Dominus
1356 929 1497 978 Amor,
1525 929 1629 979 quod
1633 926 1749 980 fitrdi
1766 929 1846 969 smt.

408 981 699 1023 Commiserabar
718 982 852 1022 miseris
869 983 1049 1036 piscibus,
1071 983 1298 1022 infortunate
1314 983 1442 1022 surdos
1460 983 1697 1024 declarandis,
1752 984 1847 1024 Alto

408 1051 535 1078 tamen
548 1039 706 1077 haerebat
723 1039 846 1078 animo
857 1067 868 1086 ⁷
898 1040 1019 1091 quod,
1046 1053 1133 1078 cum
1148 1040 1312 1078 maximis
1326 1038 1391 1078 sub
1407 1038 1482 1079 sole
1498 1039 1754 1092 reperibilibus
1772 1040 1846 1078 ani-

408 1094 577 1140 malibus,
604 1095 660 1132 uti
682 1095 764 1134 sunt
779 1095 938 1141 Balenae,
966 1095 1086 1134 sensus
1112 1096 1256 1134 auditus
1282 1094 1467 1146 perfeetus
1493 1109 1572 1136 non
1599 1095 1746 1142 deficit,
1774 1108 1847 1134 nec

408 1150 562 1190 minoris
578 1151 686 1189 molis
704 1150 867 1203 piscibus
887 1153 1050 1190 eundem
1068 1150 1211 1190 sensum
1229 1151 1462 1198 defuturum,
1489 1163 1564 1191 tam
1579 1152 1685 1201 quod
1704 1164 1752 1190 ex
1767 1163 1846 1190 uno

407 1207 620 1257 eodemque
637 1207 826 1246 elemento
851 1220 983 1246 omnes
1000 1208 1180 1258 originem
1203 1208 1375 1254 trahunt,
1403 1207 1444 1246 in
1460 1220 1537 1259 quo
1555 1206 1592 1246 &
1605 1208 1764 1259 degunt,
1792 1208 1848 1246 vi-

408 1275 560 1313 tamque
576 1267 718 1315 Jagunt‚
755 1276 866 1313 quam
894 1264 999 1314 quod
1025 1263 1124 1302 nulla
1160 1261 1341 1301 sufficiens
1366 1264 1460 1302 ratio
1488 1264 1690 1315 excogitari
1712 1263 1848 1316 potest,

409 1332 490 1369 quae
515 1318 812 1370 sapientiffimum
836 1319 1054 1358 Creatorem
1078 1319 1257 1365 moverit,
1294 1317 1352 1359 his
1375 1332 1450 1370 prae
1478 1319 1554 1360 illis
1577 1333 1656 1358 non
1673 1316 1739 1358 nifi
1755 1331 1848 1377 qua-

412 1386 518 1420 tuor,
554 1375 607 1412 vel
632 1375 770 1425 (quod
793 1375 892 1427 visus
915 1376 1027 1422 eti-am
1053 1373 1241 1415 odoratum
1264 1375 1461 1413 excludere
1487 1375 1682 1427 potuisset,
1719 1387 1847 1425 neque
1869 1388 1875 1391 ¹

409 1430 608 1469 neceffiirio
638 1429 756 1468 escam
814 1429 976 1480 astarent
999 1430 1134 1482 pisces,
1171 1430 1377 1469 dummodo
1412 1432 1634 1469 nutrimenta
1663 1430 1700 1469 &
1726 1431 1848 1469 incre-

410 1498 535 1525 menta
559 1486 758 1537 caperent)
799 1500 859 1526 uos
881 1487 1014 1532 saltim,
1042 1489 1082 1526 vi
1100 1500 1140 1525 ns
1165 1486 1337 1524 nimirum
1352 1485 1388 1522 &
1404 1484 1524 1527 tacius
1540 1486 1660 1525 sensus
1677 1486 1848 1536 largitum

410 1542 502 1588 effe,
537 1543 640 1580 unde
663 1541 767 1580 facile
790 1542 944 1593 suspicio
974 1542 1033 1580 vel
1056 1541 1286 1594 impotentiae
1317 1540 1378 1580 vel
1401 1542 1690 1594 imperfeelionis
1716 1541 1848 1580 animis

411 1598 541 1637 nostris
559 1599 741 1649 obrepere
757 1598 950 1650 potuiflet3
972 1598 1053 1637 talia
1073 1611 1162 1636 vero
1188 1598 1235 1636 de
1251 1598 1429 1636 Creatore
1447 1598 1506 1636 vel
1524 1598 1706 1648 cogitare,
1733 1607 1848 1648 prout

414 1653 628 1699 absurdum,
656 1652 704 1691 fic
725 1654 913 1705 piaculum
939 1655 1002 1692 est.
1073 1653 1192 1707 Qod
1214 1652 1361 1704 insuper
1380 1664 1539 1709 quatuor
1561 1653 1700 1692 sensus:
1736 1653 1849 1703 visus,

414 1707 586 1760 auditus,
623 1707 751 1766 gustus
781 1709 817 1748 ὃς
847 1708 1018 1749 odoratus
1041 1723 1127 1748 cum
1151 1709 1454 1747 excellentiffimo
1482 1709 1583 1748 sensu
1608 1706 1729 1748 tac‘lus
1754 1707 1848 1746 adeo

414 1766 508 1805 auste
532 1765 723 1805 conium&
749 1765 851 1812 sunt,
878 1777 922 1804 ut
944 1766 1018 1804 fine
1042 1766 1116 1804 hoc
1139 1764 1259 1804 sensus
1285 1777 1364 1802 non
1387 1765 1500 1803 essent
1520 1765 1669 1815 reliqui,
1699 1776 1847 1802 mecum

414 1821 618 1861 convenire
646 1834 724 1859 non
747 1822 877 1873 potui,
906 1834 1106 1873 pauperare
1130 1820 1244 1864 radius
1261 1819 1402 1858 sensum
1417 1818 1435 1870 (
1453 1821 1517 1870 qui
1535 1819 1709 1870 quamdiu
1737 1819 1847 1864 adest,

413 1878 462 1916 de
486 1878 559 1915 vita
575 1876 736 1927 animalis
757 1877 932 1925 test-atur)
950 1877 1062 1924 adeo,
1094 1888 1229 1915 utnon
1245 1874 1310 1913 nili
1328 1876 1443 1914 unico
1468 1876 1528 1915 vel
1552 1876 1701 1915 duobus
1727 1887 1773 1913 ex
1791 1886 1845 1913 re·

415 1934 521 1984 liquis
546 1932 704 1972 senfibus
729 1932 971 1972 coniunctum
990 1931 1336 1972 circumscriberem.

1010 2029 1032 2077 §
1088 2029 1251 2067 XXIV.

510 2084 755 2136 Agit-abantur
770 2084 934 2132 consilia,
963 2084 1000 2123 δε
1016 2085 1056 2124 in
1071 2097 1235 2122 mentem
1251 2083 1422 2122 veniebat
1439 2083 1529 2122 ratio
1539 2110 1550 2130 ,
1574 2096 1644 2134 qua
1661 2083 1847 2139 respirant

411 2140 545 2193 pisces,
567 2141 655 2179 licet
673 2140 830 2188 diversa,
857 2142 982 2193 quoad
1003 2154 1136 2191 organa
1153 2141 1198 2178 ad
1213 2139 1486 2191 respirationem
1504 2140 1711 2180 necesshrian
1743 2136 1848 2188 quod

412 2197 583 2235 nimirum
600 2195 813 2246 Physeteres
838 2197 1017 2249 respirent
1035 2196 1297 2246 pulmonibus,
1327 2195 1459 2244 reliqui
1486 2195 1669 2233 branchiis
1693 2194 1847 2245 pulmo-

413 2250 673 2294 num'aemulis;
692 2253 792 2291 idem
809 2253 1007 2292 sentiebam
1025 2252 1071 2289 de
1090 2253 1233 2302 organis
1256 2251 1420 2296 auditus,
1438 2252 1478 2288 in
1495 2251 1674 2302 capitibus
1691 2249 1847 2301 piscium

415 2308 613 2346 neeeslhrio
634 2310 859 2357 quaerendis,
889 2310 991 2360 quod
1010 2308 1097 2345 nihil
1118 2308 1302 2351 obst-ibat,
1332 2319 1408 2356 quo
1426 2307 1545 2344 minus
1566 2306 1680 2357 pisces
1706 2304 1845 2342 cartila-

418 2365 517 2414 ginei
543 2363 579 2401 ὅ(
603 2362 735 2415 spinosi
760 2378 900 2421 organa
923 2361 1094 2405 audiendi
1119 2364 1294 2401 haberent
1308 2361 1547 2410 Physeterum
1566 2361 1710 2411 organis
1728 2360 1847 2397 analo-

419 2421 514 2470 gica,
553 2416 588 2457 id
610 2421 678 2465 est,
700 2433 780 2469 quae
796 2419 894 2460 idem
914 2422 1100 2472 praestent,
1129 2419 1232 2468 quod
1254 2418 1324 2459 ill-„n
1353 2415 1656 2456 intercedebat&
1674 2414 1847 2474 analogia

411 2477 667 2532 generationis
690 2474 862 2527 piscium;
898 2489 1032 2516 notum
1056 2487 1151 2521 erat,
1188 2473 1400 2524 Physeteres
1410 2500 1422 2533 ².
1458 2473 1573 2526 prout
1597 2472 1848 2565 quadfflpesgi?

1657 2540 1792 2578 congre
1824 2541 1847 2572 1,
