2169 3012
406 409 449 447 16
803 438 806 442 .
877 405 961 445 DE
1017 405 1207 445 SONO
1267 404 1354 444 ET

401 488 502 528 unde
521 486 592 534 est',
613 487 725 538 'quod
747 486 964 539 paradoxon
979 488 1043 541 ipfi
1067 488 1221 527 audierit
1237 487 1449 526 mandatum
1475 485 1644 546 magistri
1666 489 1838 540 marium,

400 556 444 584 ut
474 545 515 582 in
539 544 612 583 alto
644 544 742 582 rnar'r
761 544 959 595 proiiceret
988 545 1076 582 retia
1102 557 1173 596 pro
1199 544 1375 595 capienda
1407 543 1559 594 piscium
1590 544 1838 590 multitudine,

401 600 470 650 sole
496 613 612 640 omnes
630 612 730 657 aqnae
751 599 959 656 particulas
970 599 1181 658 speculares
1199 602 1368 640 minimas
1391 597 1441 646 ἐς
1458 597 1711 650 diversimodas
1737 600 1838 650 quast
1868 639 1873 644 ,

404 669 551 707 cunque
579 655 827 707 illuminante,
861 670 946 695 cum
970 669 1096 695 tamen
1118 658 1158 695 in
1180 656 1379 695 tenebrosis
1402 657 1511 694 undis
1532 657 1665 703 nothi,
1692 669 1740 694 ne
1756 657 1837 694 uni-

405 726 491 752 cum
515 713 664 763 quidem
694 712 844 763 piscium
865 712 1015 762 (forsan
1042 714 1179 764 aliquos
1212 713 1345 751 nullius
1371 714 1584 763 momenti)
1607 724 1754 764 ceperat
1774 725 1839 750 PE-

404 781 528 808 Tnus.
587 769 755 806 Domino
776 770 913 808 Autori
928 768 1106 807 calculum
1126 782 1251 807 meum
1270 768 1383 815 addo,
1421 769 1536 820 pisces
1553 769 1711 807 interdiu
1729 779 1837 806 acuto

405 825 546 877 pollere
564 824 640 862 visu
651 838 673 866 ;.
686 825 733 862 de
750 821 857 864 bullis
878 836 998 863 autem
1015 825 1166 876 piscium
1189 827 1329 874 aereis,
1354 825 1398 863 ad
1415 837 1501 875 quas
1519 835 1701 876 provocat
1716 834 1838 870 autor,

389 880 610 930 'eorumque
633 879 837 926 effefflbus,
868 881 968 919 fimul
990 881 1285 937 degeneratione
1308 877 1494 920 bullarum*
1512 893 1712 938 aquearum
1738 879 1773 917 &
1794 877 1837 919 de

395 933 515 988 fluido
540 934 678 985 elastico
703 938 790 975 ae're
799 934 1000 989 fitbtilio‘re
1025 934 1207 996 bullasque
1230 934 1473 994 expandente,
1502 937 1617 975 heslto
1643 935 1837 981 hocloco,

405 1005 492 1031 eum
516 992 740 1043 principibus
766 993 814 1031 de
839 1006 880 1031 re
901 993 1065 1044 physica,
1093 1005 1256 1032 mentem
1278 1006 1397 1032 meam
1423 992 1620 1044 explicare3
1656 991 1836 1042 quodque

406 1049 452 1087 ad
469 1048 656 1099 Anguillas
679 1048 826 1094 attinet,
851 1050 1017 1100 proprias
1035 1051 1105 1089 iarn
1121 1049 1395 1088 observationes·
1410 1049 1504 1086 circa
1522 1061 1645 1087 earum
1666 1048 1835 1086 vocalita-

404 1115 501 1150 tem,
526 1104 622 1142 bene
645 1104 778 1142 auritus
798 1105 815 1154 (
829 1108 862 1154 ρ’
871 1105 953 1155 XI)
971 1106 1089 1144 retuli.
1145 1105 1401 1144 Renidentiam
1425 1103 1595 1155 piscium,
1626 1117 1696 1142 nec
1712 1115 1836 1142 tamen

403 1160 591 1206 omnium,
621 1159 810 1207 concedO,
838 1161 900 1199 sed
923 1161 1074 1200 alienam
1100 1161 1142 1199 ab
1166 1164 1250 1220 igne
1261 1160 1381 1210 fatuo
1401 1159 1718 1216 phosphorafcente
1740 1157 1836 1216 ligni

396 1213 546 1273 putridi
568 1216 608 1254 in
633 1216 750 1263 cellis;
779 1217 972 1268 nitorque,
1005 1217 1069 1267 q'ui
1085 1218 1340 1269 ‘navigantibus
1365 1216 1560 1266 aliquando
1585 1217 1715 1255 oculos
1740 1215 1836 1260 ferit,

402 1285 483 1310 non
503 1272 554 1309 est
575 1272 681 1310 huius
698 1272 782 1310 loci.
835 1274 1026 1326 chuid
1044 1273 1103 1322 fit,
1128 1274 1313 1312 Dominus
1340 1278 1463 1313 Autor
1486 1284 1532 1311 ex
1555 1285 1623 1318 eo,
1654 1271 1757 1323 quod
1779 1270 1836 1321 pi-

399 1327 475 1367 sces
500 1337 638 1367 mutos
659 1328 814 1374 iudicat,
852 1330 991 1368 derivat
1017 1330 1324 1380 probabilitatem:
1361 1328 1398 1366 ἃ
1423 1326 1560 1368 surdos
1585 1327 1672 1374 esse,
1709 1327 1835 1366 medio

400 1383 496 1433 quasi
518 1384 676 1421 termino
705 1383 875 1430 assumto,
906 1385 1009 1435 quod
1040 1398 1150 1441 neque
1171 1386 1275 1437 [infit
1299 1382 1472 1424 audiendi
1490 1383 1691 1441 indigeant.
1761 1384 1834 1421 Re-

400 1440 467 1477 stat
483 1438 695 1490 percipere,
723 1440 942 1489 quibuscum
960 1441 1158 1479 rationibus
1181 1442 1310 1479 militet
1326 1454 1396 1491 pro
1419 1440 1670 1478 confirmanda
1691 1450 1834 1491 propo-

399 1494 546 1536 fitione:
571 1491 699 1536 Pisces
715 1507 846 1536 revera
868 1509 953 1537 non
971 1494 1124 1545 audire,
1143 1497 1246 1548 quod
1269 1494 1403 1537 audire
1425 1495 1512 1536 nen
1531 1492 1708 1548 possunt.

1007 1594 1030 1641 §
1085 1594 1229 1632 XVII.

208 1662 279 1700 fag.
306 1670 364 1699 279·
513 1655 614 1694 Huic
636 1654 880 1706 propositioni
898 1657 1081 1694 Dominns
1108 1660 1230 1697 Autor
1245 1656 1462 1706 quaestiones
1486 1656 1574 1695 duas
1592 1653 1781 1708 praemittit
1794 1652 1832 1704 ι)

399 1722 443 1748 an
466 1710 581 1760 pisces
605 1709 791 1751 auriculas
814 1713 1038 1761 (auricules)
1063 1713 1235 1759 habeant,
1265 1713 1323 1750 vel
1342 1712 1452 1750 simile
1475 1713 1593 1762 quid?
1644 1713 1688 1759 2)
1707 1723 1833 1748 utrum

397 1764 578 1806 branchiae
601 1767 650 1805 ita
672 1766 739 1805 lint
762 1779 998 1818 comparatae,
1024 1780 1066 1806 ut
1089 1769 1169 1821 ipsis
1196 1769 1305 1807 sonus
1321 1769 1481 1819 imprimi
1497 1767 1628 1819 poffit?
1651 1775 1664 1792 0
1693 1767 1737 1804 ad
1750 1779 1831 1817 am-
1856 1814 1864 1823 ·

219 1835 278 1866 pag.
295 1833 354 1861 280-
398 1820 459 1861 bas
484 1823 651 1873 negative
665 1822 882 1873 respondet;
913 1824 1085 1862 concedit
1101 1826 1251 1875 quidem
1271 1824 1367 1862 inter
1390 1821 1587 1863 branchias
1605 1821 1832 1878 &pulmones

397 1879 624 1917 intercedere
649 1879 847 1929 analogiam
870 1881 1069 1930 quandam,
1098 1881 1359 1930 branchiasque
1377 1879 1533 1930 piscibus
1556 1879 1602 1917 fic
1624 1877 1830 1917 necessarias

397 1934 487 1979 effe,
511 1947 557 1974 ac,
568 1935 761 1987 pulmones
772 1961 782 1980 ,
804 1937 1040 1986 arteriamque
1058 1936 1213 1988 asperam
1229 1936 1246 1986 <
1256 1931 1404 1976 trachee
1419 1936 1571 1981 arcere)
1587 1935 1732 1985 reliquis
1753 1933 1829 1971 ani-

398 1989 569 2033 malibus;
598 2004 727 2030 verum
741 1990 780 2028 in
804 1992 985 2029 branchiis
1009 1993 1098 2030 nihil
1117 1992 1257 2031 offendi
1281 1991 1400 2038 dicit,
1421 1992 1526 2041 quod
1549 1989 1664 2028 sensui
1687 1989 1829 2028 auditus

399 2046 606 2094 inserviret,
642 2048 777 2086 nullam
805 2046 938 2086 scilicet
964 2050 1232 2087 concavitatem
1255 2043 1485 2100 (concavite')
1508 2059 1587 2085 non
1611 2057 1830 2096 tympanum

1600 2101 1830 2152 reliquasque

2166 460 2169 470 s

2164 513 2169 530 4

2151 550 2169 592 ’Ξ

2165 608 2169 629 ¹.

2163 640 2169 670 l

2162 674 2169 693 ἦ

400 2190 411 2194 ’“
454 2187 483 2218 δε
504 2184 584 2217 alios
605 2182 708 2228 pisces
732 2183 878 2220 dormire
894 2186 984 2226 vult;
1010 2199 1100 2221 wit-
1179 2185 1341 2221 branchiis
1371 2196 1490 2231 organa
1522 2184 1643 2219 habent
1673 2184 1830 2229 analoga?

451 2245 663 2268 Locnnmo
689 2233 754 2269 hoc
775 2235 948 2270 verisimile
969 2249 1034 2271 non
1050 2239 1131 2271 vi-·-
1176 2244 1249 2283 quae
1271 2235 1316 2273 τα)
1332 2230 1552 2285 βξοινχιοειόῆ,
1573 2236 1678 2270 veluti
1695 2246 1736 2269 ex
1754 2235 1827 2279 pilis

453 2284 567 2323 detur,
590 2296 665 2317 cum
689 2296 750 2319 nec
767 2286 933 2330 palpebras
951 2287 1099 2329 habeant,
1178 2288 1286 2321 multis
1304 2287 1477 2332 compaciae
1492 2286 1667 2325 branchiae,
1685 2295 1827 2330 qumque

453 2346 513 2367 nec
529 2335 725 2368 membranas
745 2337 945 2377 metatoriam,
979 2339 1099 2383 quibus
1176 2332 1295 2372 affidu‘e
1316 2348 1508 2376 moventur,
1532 2337 1571 2370 ab
1593 2345 1826 2370 ARiSToTE-

453 2385 568 2418 oculos
586 2384 736 2418 claudere
753 2387 892 2431 poliunt.
1176 2400 1221 2422 LE
1239 2385 1305 2421 Lib.
1322 2389 1371 2420 III
1389 2386 1608 2432 appellantur;
1635 2389 1664 2419 &
1686 2397 1701 2418 a
1724 2396 1825 2417 RON-

401 2435 412 2452 ·³
452 2435 578 2468 Possem
602 2435 705 2469 Dum.
722 2436 843 2469 Autori
868 2437 995 2471 tertiam
1011 2449 1098 2482 quae-
1175 2450 1196 2471 r>
1209 2450 1226 2472 ῖς
1237 2449 1255 2471 L
1268 2450 1314 2471 ET
1325 2449 1336 2471 1
1347 2449 1367 2471 o
1380 2437 1592 2482 :pulmonum
1605 2444 1824 2472 munere,tan-

445 2483 581 2518 stionem
599 2484 809 2528 supplantare,
835 2498 872 2519 an
887 2486 1027 2530 3)(ἧ1ί1ιιεὶ
1041 2500 1093 2520 au-
1173 2500 1269 2533 quam
1288 2487 1405 2521 vicaria
1427 2498 1562 2531 organa,
1591 2486 1824 2531 defungente53

444 2533 549 2573 diunt,
587 2535 682 2579 quod
713 2536 766 2569 vel
796 2537 1009 2581 pulmonibus
1041 2540 1092 2573 vel
1172 2539 1238 2575 vid.
1254 2535 1386 2572 Praelud.
1409 2536 1448 2571 dc
1466 2535 1557 2583 trust.
1576 2537 1595 2581 §
1611 2537 1633 2569 J.

934 2606 949 2621 t
