2169 3012
372 374 412 418 ιε
776 363 928 414 «ῑ-ϊΒΕ
983 374 1175 414 SONo
1235 373 1320 413 ET

436 456 479 496 Si
495 465 669 512 campana
692 466 782 515 pone
791 459 979 513 parietem
1000 456 1252 504 collocaretur,
1277 453 1328 503 δ’
1347 454 1596 508 nihilominus,
1626 470 1670 500 ea
1689 460 1809 516 pulsa-

432 522 491 559 ta,
511 525 529 551 e
550 509 717 552 latibulis
739 510 868 569 egreffi
886 513 1021 568 pisbes,
1049 527 1086 553 eo
1090 513 1135 565 se
1154 517 1379 569 reciperent,
1402 512 1493 552 unde
1502 515 1650 566 sonitus
1674 519 1809 567 exiret,

372 593 378 601 .
431 570 520 626 quin
533 565 674 630 ‘auditu
702 565 829 608 donati
854 569 981 622 astent,
1007 568 1124 609 nullus
1148 566 1264 609 adhuc
1288 567 1560 626 relinqueretur
1585 569 1691 613 locus.

375 662 452 700 Iam
470 673 560 699 vero
578 660 602 698 fi
618 661 805 700 Dominus
822 664 945 702 Autor
962 662 1109 713 egregio
1135 675 1154 700 Β
1166 675 1189 699 o
1200 674 1277 700 YLE
1289 673 1312 698 ο
1337 674 1586 701 nonomnem
1606 663 1738 711 fidem,
1765 663 1810 705 li,-

345 739 348 742 -
375 729 437 755 cet
451 730 499 755 ex
517 717 664 763 audim,
691 729 805 768 prout
819 717 1077 769 piscatoribus,
1094 718 1267 767 denegat,
1286 730 1366 755 non
1380 730 1577 757 vocaturus
1595 719 1636 758 in
1652 720 1810 760 dubium

369 772 591 866 {ystoripm}
616 786 727 866 quai?
753 773 815 835 iiic
839 774 877 812 in
903 775 1009 830 Oper.
1024 772 1155 831 philos.
1180 775 1288 815 Part.
1306 774 1460 831 IIIpag.
1481 787 1529 828 41
1546 786 1736 828 acceptam
1751 789 1809 816 re·-
2156 769 2169 822 ξ

394 840 470 870 ert3
515 842 549 866 ic
586 840 641 866 ert
658 841 698 865 re
715 841 806 866 atio:
2162 863 2166 870 .

431 902 488 945 Ibi
508 907 528 952 ζ
545 903 681 942 scilicet
697 904 736 941 in
760 904 923 954 quodam
945 903 1057 942 horto
1079 902 1335 942 Genuenfium
1353 903 1368 950 )
1399 902 1723 960 ichthyotrophium
1749 902 1810 954 esp,

426 960 513 1000 colli
531 962 708 1007 vicinum,
734 963 836 1000 cuias
854 972 972 1017 agger
992 970 1107 1000 tantae
1131 957 1364 1006 altitudinis,
1390 970 1431 999 ut
1457 958 1554 999 homo
1571 963 1610 1000 in
1629 960 1809 1016 pifiinam

429 1018 667 1071 introspicere
691 1027 865 1072 nequeat,
906 1029 972 1069 nec
999 1015 1067 1056 ullo
1094 1013 1192 1055 modo
1216 1029 1240 1055 a
1262 1013 1421 1072 piscibus
1445 1013 1567 1056 videri
1588 1027 1698 1073 queat
1705 1030 1721 1059 ‚·
1759 1013 1811 1056 ad

427 1072 521 1114 hanc
535 1073 709 1129 piscinam
719 1069 798 1122 fide
817 1069 1018 1127 dignifflma
1028 1072 1197 1128 persona,
1224 1069 1384 1112 omnibus
1403 1070 1620 1127 temporibus
1639 1069 1806 1123 observa-

429 1131 509 1177 vit,
538 1128 656 1184 pisces
670 1124 716 1167 ab
732 1126 945 1179 hortulano,
973 1125 1068 1168 edito
1086 1139 1184 1168 certo
1187 1128 1337 1181 sonitu,
1373 1138 1578 1169 convocatos
1595 1126 1808 1185 appellatio-

419 1187 468 1225 ni
494 1181 760 1241 obtemperaffi.
1312 1203 1316 1208 ·

370 1277 489 1318 Aliud
507 1277 803 1328 experimentum
819 1276 866 1314 de
882 1275 1023 1327 pulsato
1040 1288 1150 1314 manu
1168 1288 1275 1314 muro
1296 1275 1382 1314 vide
1399 1273 1513 1328 Missu
1531 1275 1554 1315 I
1565 1278 1597 1324 ρ’
1617 1275 1681 1315 IX
1683 1290 1699 1319 ,⁰
1728 1286 1808 1325 quae

369 1334 518 1379 omnia,
549 1332 704 1383 &quod
720 1332 759 1370 in
774 1332 853 1370 villa
870 1333 956 1370 Divi
975 1332 1135 1370 Antonii
1158 1331 1273 1382 pisces
1298 1345 1318 1369 e
1345 1332 1512 1369 manibus
1534 1332 1731 1369 hominum
1757 1331 1808 1368 ci-

373 1390 441 1428 bos
475 1389 662 1440 ceperint,
708 1400 884 1427 enervant
915 1387 1069 1427 Domini
1101 1389 1258 1427 Autoris
1290 1386 1559 1435 obiefflonem,
1599 1386 1616 1436 <
1631 1390 1663 1436 9‘
1679 1387 1808 1433 XIII)

372 1441 496 1498 pisces
520 1442 634 1498 plane
661 1440 813 1497 stupida
839 1442 1019 1483 animalia
1042 1439 1134 1488 effe,
1170 1456 1255 1480 curn
1272 1442 1348 1480 iure
1371 1443 1512 1480 nullum
1538 1435 1808 1479 animas'dicere

370 1505 508 1551 ‘queam
524 1501 622 1539 adeo
631 1500 838 1550 stupidum,
870 1499 974 1549 quod
991 1496 1184 1555 disciplinae
1204 1509 1323 1554 capax
1341 1495 1406 1546 est,
1435 1498 1480 1535 ad
1498 1510 1606 1547 quam
1625 1497 1808 1534 eiusmodi

373 1557 544 1595 exercitia
562 1567 666 1594 certo
693 1555 827 1593 certius
845 1554 937 1592 trahi
953 1554 1092 1592 debent
1108 1562 1145 1597 133
1182 1555 1261 1592 alias
1279 1550 1424 1592 brutum
1446 1565 1526 1590 non
1543 1551 1661 1590 solum
1678 1551 1809 1589 animal

369 1612 599 1657 irrationale,
622 1610 686 1649 sed
711 1610 748 1648 &
772 1609 944 1650 hominem
962 1606 1144 1667 stupidum
1166 1609 1364 1662 significare
1385 1608 1495 1651 solet;
1529 1621 1606 1660 quo
1625 1607 1808 1646 vocabulo

369 1679 494 1722 autem
510 1667 616 1707 facile
645 1678 766 1706 carere
788 1666 992 1718 poffumuS.

979 1775 1003 1824 §
1056 1774 1217 1815 XXXI.

205 1860 263 1891 pag.
286 1857 343 1891 283·
480 1845 625 1886 Ultimo
642 1842 734 1884 *loco
764 1843 986 1883 trutinemus
1009 1844 1177 1895 pondera
1202 1842 1445 1900 experimenti
1459 1839 1615 1880 Domini
1640 1840 1808 1887 Amoris,

255 1895 315 1925 ²34·
378 1914 455 1952 quo
480 1903 655 1940 contraria
679 1901 923 1952 experimenta
947 1898 1124 1937 destruc‘m
1147 1899 1238 1937 vult.
1314 1901 1417 1937 Pone
1441 1897 1584 1948 septum
1606 1897 1649 1935 ad
1673 1897 1808 1947 pedem

376 1957 522 2010 piscinae
540 1970 624 1996 cum
642 1956 741 1995 socio
760 1955 979 1993 constitutus
1005 1967 1051 1992 eo
1067 1966 1258 2005 tempore,
1289 1966 1367 2004 quo
1384 1952 1496 2004 pisces
1515 1953 1559 1990 ad
1576 1951 1807 2003 superficiem

375 2026 474 2063 aquae
499 2012 710 2063 congregati
734 2011 891 2056 fuerint,
922 2023 1007 2048 cum
1029 2010 1207 2061 lapidibus
1234 2009 1426 2061 crepitavit
1442 2008 1699 2053 vehementer,
1730 2008 1807 2044 imo

376 2068 581 2120 sclopetum
607 2066 779 2119 explosit,
816 2065 865 2104 ita
888 2077 930 2103 ut
953 2064 1066 2116 pisces
1088 2077 1244 2117 propter
1269 2066 1380 2103 altum
1403 2064 1552 2109 vallum,
1580 2076 1651 2101 nec
1674 2065 1808 2113 ignem,
2150 2081 2160 2114 «⁴

375 2137 448 2174 nee
468 2124 614 2164 fumum
637 2135 789 2162 cernere
812 2121 1024 2173 potuerint,
1061 2120 1098 2160 ὃ(
1123 2133 1246 2160 tamen
1267 2119 1382 2172 pisces
1406 2119 1601 2158 stationem
1626 2131 1706 2156 non
1727 2131 1807 2155 mu·
2148 2124 2156 2154 '3

1669 2185 1806 2218 tarum,

374 2266 392 2294 g
429 2260 529 2297 Conf.
553 2272 787 2296 witnuonss.
811 2269 882 2307 pag.
907 2264 978 2299 228,
1016 2257 1079 2292 ibi·
1109 2259 1121 2264 ⁶
1155 2269 1288 2306 rumque
1312 2253 1441 2305 pist-ium
1454 2253 1588 2300 stridori
1613 2252 1806 2302 consonante,

402 2356 404 2358 Ι
425 2314 570 2357 demque
586 2312 691 2346 casum
707 2305 916 2356 fiiigulhrenn
936 2322 995 2343 nec
1012 2319 1078 2342 non
1155 2306 1307 2342 eiusmodi
1327 2304 1422 2355 pistos
1443 2308 1476 2338 in
1495 2308 1578 2338 retia
1607 2316 1806 2338 convocaren-

430 2374 699 2396 RONDELETM
729 2361 916 2405 exemplum
947 2360 1077 2392 (iesum-
1156 2368 1233 2399 rur;
1262 2377 1273 2384 -
1299 2378 1314 2383 —
1336 2358 1446 2404 Sic-que
1468 2353 1563 2403 'pist-es
1584 2358 1617 2388 in
1642 2354 1736 2388 undis
1749 2353 1805 2401 fi)—

427 2417 498 2446 tuin
515 2424 533 2444 a
549 2412 635 2450 nolis,
645 2412 773 2458 aliisque
791 2407 996 2448 tintinabulis,
1012 2420 1077 2456 quae
1151 2412 1223 2442 nori
1252 2410 1404 2441 excitatos
1436 2417 1556 2454 quoque
1582 2414 1676 2439 extra
1704 2404 1806 2458 undas

423 2459 518 2510 prisii
525 2460 657 2508 simibus
671 2456 785 2494 retium
802 2460 997 2512 applicarunt
1008 2486 1016 2499 ,
1039 2467 1075 2492 ut
1143 2457 1236 2508 Jonas
1250 2461 1283 2492 iu
1299 2460 1388 2506 aquis
1403 2455 1513 2490 audire
1530 2454 1687 2503 constaret.

415 2511 532 2559 finita,
552 2515 582 2545 in
598 2511 690 2546 libero
705 2523 776 2544 acre
794 2513 946 2549 excitato,
977 2508 1075 2542 'certo-
1201 2510 1204 2514 '
1351 2526 1356 2531 -
1489 2513 1509 2531 ’-
