2169 3012
389 420 432 453 26
578 396 581 400 ’
881 412 964 451 DE
1022 413 1208 452 soNo
1269 414 1353 452 ET

442 496 485 547 7)
513 493 738 539 observans,
768 495 876 545 quod
903 494 1040 547 explofi
1067 494 1221 546 sclopeti
1246 495 1356 534 sonus
1383 505 1526 534 tantum
1552 494 1823 544 non'valuerit,

502 562 683 601 quantum
703 550 782 588 soni
802 551 1025 597 continuati,
1055 551 1193 589 audivit
1214 551 1340 602 postea
1360 551 1400 589 in
1423 553 1551 590 eadem
1570 551 1823 603 profimditate

501 606 540 644 ἅ.
559 606 756 657 {implicem
775 606 1075 658 tympanismum,
1095 605 1131 644 δε
1153 607 1429 652 continuatum,
1460 607 1531 646 five
1551 618 1713 646 rotatum
1733 608 1824 659 pulsi

500 662 667 713 tympani
687 661 817 701 sonum
836 661 1048 714 (Qirssei).
1103 662 1207 701 Idem
1227 673 1399 717 expertus
1422 663 1474 700 est
1493 663 1587 701 circa
1607 676 1743 701 vocem
1756 663 1824 703 hu-

499 730 644 756 manam
663 717 700 755 &
713 718 808 756 circa
828 719 998 761 fistulaim
1030 731 1176 764 verum,
1205 719 1308 768 quod
1328 718 1376 756 de
1399 719 1460 756 tali
1481 717 1724 770 experientia,
1744 730 1825 759 tan-

503 786 613 825 quam
632 773 738 812 faeile
758 773 890 820 fallaci,
927 776 1021 814 adeo
1042 787 1123 812 non
1143 785 1258 826 prout
1278 774 1325 812 de
1347 773 1493 823 reliquis
1516 774 1707 812 convietus
1729 774 1825 813 cele-

507 830 684 868 berrimus
708 827 953 882 observater,
979 831 1120 871 idcireo
1146 842 1218 882 pro
1240 829 1399 868 absoluta
1418 830 1514 868 hane
1535 830 1708 869 nondum
1734 843 1825 872 ven-

501 886 615 924 ditare
636 885 765 924 voluit.
1697 922 1701 927 ,

442 943 494 993 8)
520 944 595 981 Iam
617 953 707 979 vero
736 941 855 994 capite
875 942 915 980 in
935 951 1097 980 extrema
1117 929 1233 979 fefme
1257 939 1445 992 superficie
1467 953 1567 991 aquae
1581 942 1606 990 (
1621 936 1646 980 ὰ
1660 939 1765 991 fleur
1789 938 1825 982 d'

500 999 604 1045 eale)
620 997 839 1035 constitutus
868 998 977 1036 horas
1004 997 1213 1049 repetendo
1238 997 1432 1035 indicantis
1467 997 1655 1046 horologii
1671 1023 1683 1043 ,
1718 998 1825 1047 quod

502 1055 642 1104 aliquot
661 1053 786 1091 uncias
812 1053 915 1105 supra
935 1064 1045 1104 caput
1057 1054 1268 1098 tenebatur,
1289 1052 1450 1091 sonitum
1466 1053 1618 1104 amplius
1633 1053 1826 1104 percipere

501 1122 583 1148 non
605 1109 746 1160 potuit,
773 1122 860 1147 cum
879 1120 1004 1147 tamen
1024 1109 1125 1147 idem
1143 1108 1383 1158 horologium
1402 1120 1502 1147 extra
1521 1107 1637 1146 undas
1658 1108 1698 1146 in
1711 1109 1824 1161 plano

426 1182 427 1185 ¹
498 1166 641 1217 optime
663 1165 817 1202 audierit
835 1177 883 1212 45
903 1164 1019 1215 pedes
1047 1164 1184 1202 diffitus
1207 1165 1250 1201 ab
1270 1164 1347 1202 illo.

385 1221 596 1262 Concludit
617 1219 767 1258 tandem
787 1219 1020 1271 fiigacissimus
1042 1220 1228 1257 Dominus
1243 1216 1388 1271 Abbas,
1412 1219 1535 1271 quod,
1552 1218 1594 1269 st
1615 1220 1730 1276 pisces
1742 1217 1825 1269 sint

382 1275 508 1332 findi,
534 1290 602 1316 non
627 1273 772 1316 aliunde
803 1275 981 1314 surditatis
1009 1275 1109 1313 causa
1137 1276 1318 1327 petenda,
1349 1275 1417 1325 nist
1441 1290 1465 1315 a
1491 1278 1660 1315 carentia
1685 1285 1753 1315 aut
1776 1272 1825 1315 ab

382 1331 548 1386 ‚absoluto
566 1329 708 1381 defeffu
729 1344 949 1389 organorum
969 1328 1119 1370 auditus
1128 1346 1144 1375 ,-
1155 1329 1335 1388 siquidem
1351 1329 1588 1382 domicilium,
1607 1329 1701 1389 quod
1714 1342 1825 1371 natu-

391 1405 440 1432 ra
467 1388 550 1447 ipsis
559 1385 722 1436 sribuit‚
741 1387 945 1428 nullatenus
961 1386 1060 1435 sonos
1076 1385 1127 1426 ad
1137 1389 1257 1440 pisces
1272 1385 1574 1427 transmittendos
1591 1398 1759 1432 arceret5
1779 1397 1824 1429 ut

389 1449 518 1503 itaque
541 1459 565 1484 a
592 1458 639 1484 ua
661 1440 818 1498 piscibus
848 1440 898 1482 ad
922 1440 1137 1482 audiendum
1169 1440 1377 1482 invincibili
1400 1441 1649 1498 impedimento
1674 1457 1740 1482 non
1756 1442 1823 1492 fit.

389 1503 542 1544 Miratus
563 1458 641 1539 gum
659 1499 870 1542 industriam
900 1500 986 1538 Viri
1003 1496 1207 1546 dobliffi‘mi,
1230 1498 1292 1537 sed
1309 1498 1413 1537 fimul
1435 1499 1716 1537 meditabundus
1737 1511 1823 1550 per-

389 1556 522 1611 pendi,
542 1555 670 1607 quodfi
684 1568 742 1594 no
751 1567 831 1600 Mo,
860 1555 923 1605 qui
937 1567 955 1593 a
970 1565 1095 1592 natura
1108 1554 1304 1592 stationem
1316 1553 1356 1591 in
1370 1553 1466 1592 ficco
1480 1553 1611 1599 habet,
1635 1554 1822 1592 immersus

392 1613 512 1664 aquiS,
538 1612 681 1650 auribus
702 1611 770 1650 suis
792 1610 949 1662 experiri
970 1621 1097 1660 queat,
1126 1622 1289 1656 PISCES,
1315 1608 1508 1660 indigenas
1530 1622 1646 1659 aquae,
1680 1609 1823 1647 auditus

389 1668 493 1709 sensu
513 1668 631 1707 valere
648 1667 691 1707 in
711 1666 839 1712 undis,
865 1676 1031 1703 naturam
1049 1665 1132 1716 ipfis
1153 1677 1217 1703 1³18
1228 1677 1352 1703 cissvs
1377 1677 1512 1716 organa
1533 1664 1578 1702 ad
1599 1665 1823 1703 audiendum

376 1725 501 1776 'longe
523 1723 781 1762 excellentiora
799 1720 960 1761 tribuisse
967 1747 978 1766 ,
1006 1720 1276 1771 consequenter
1298 1719 1435 1760 nullum
1460 1717 1711 1775 praeiudicium
1740 1720 1822 1767 ess'e,

387 1780 454 1823 sed
468 1778 541 1831 ipsa
552 1779 697 1820 ratione
710 1777 798 1823 niti,
820 1788 966 1817 1>1sc15s
988 1788 1135 1814 ACUTE
1156 1788 1334 1814 AUDIRE.
1398 1775 1678 1832 Vespertiliones
1696 1776 1732 1814 ἃ
1747 1778 1823 1825 No-

386 1834 478 1878 -c‘luae
496 1834 611 1875 nonu
626 1834 774 1880 vident,
799 1832 1052 1883 quodeunque
1067 1831 1161 1870 aliud
1176 1832 1304 1870 animal
1322 1831 1449 1870 videre
1470 1832 1617 1882 nequit,
1640 1845 1726 1870 cum
1740 1832 1821 1869 illo-

386 1904 474 1932 rum
487 1891 586 1929 oculi
598 1890 646 1928 ita
667 1889 750 1927 sunt
765 1887 980 1933 constructi,
1001 1898 1043 1925 ut
1056 1887 1114 1925 vel
1129 1886 1295 1927 ultimam
1313 1885 1424 1927 lucem
1438 1919 1450 1936 ,
1469 1900 1658 1938 nunquam
1672 1888 1711 1926 in
1726 1887 1822 1926 sum-

389 1948 460 1989 mis
485 1946 647 1985 tenebris
666 1945 880 1990 delebilem,
906 1944 1131 1994 percipiant;
1158 1943 1206 1982 fic
1224 1943 1331 1995 piscis
1354 1955 1453 1982 extra
1474 1943 1697 1982 elementum
1719 1943 1821 1983 suum

386 2002 509 2045 forsan
532 2000 714 2044 eiusmodi
730 1998 980 2052 impetuosum
1000 1999 1124 2037 aestum
1146 2000 1300 2051 patitur,
1324 2012 1365 2038 ac
1387 1999 1523 2046 homo,
1543 2000 1606 2050 qui
1621 1999 1821 2039 secundum

388 2057 600 2113 processum
625 2057 781 2095 Domini
809 2057 964 2095 Autoris
993 2066 1102 2106 caput
1130 2056 1229 2107 aquis
1252 2054 1466 2106 submergit,
1498 2055 1557 2093 vel
1580 2067 1695 2106 prout
1722 2056 1821 2095 oculi

388 2111 537 2159 Noffuae
552 2112 747 2164 splendore
761 2111 842 2153 solis
858 2110 1163 2163 perstringuntur.
1214 2111 1400 2162 Opinatus
1416 2111 1568 2161 quidem
1588 2111 1641 2148 est
1665 2112 1820 2150 celeber.

392 2165 728 2218 DominusAbbas,
744 2166 849 2218 quod
861 2166 977 2218 pisces
989 2166 1092 2215 sbnos
1108 2164 1236 2215 sizltim
1260 2168 1298 2206 in
1315 2168 1422 2223 aquis
1434 2177 1634 2223 generatos
1654 2167 1821 2205 distinete

390 2225 614 2280 percipiant,
637 2223 687 2262 illi
701 2236 811 2270 vero,
833 2223 898 2273 qui
910 2223 951 2261 in
967 2224 1048 2259 ae‘re
1063 2222 1178 2260 libero
1195 2223 1417 2268 excitantur,
1447 2234 1619 2273 tanquam
1634 2224 1715 2261 toni
1731 2235 1821 2260 exo-

390 2284 476 2328 tici,
504 2279 619 2331 pisces
641 2291 721 2319 non
740 2278 891 2324 feriant,
919 2276 985 2316 nisi
1012 2278 1261 2324 imbecilliter,
1291 2278 1394 2327 quod
1414 2279 1519 2316 multi
1543 2289 1718 2329 potentes
1738 2290 1819 2317 non

390 2340 488 2377 sunu
510 2336 588 2381 sed,
603 2347 644 2373 ut
657 2348 786 2375 verum
806 2333 935 2379 fatear,
955 2331 1230 2371 fluctuationem
1243 2333 1354 2371 animi
1368 2333 1436 2371 hac
1458 2334 1504 2371 de
1527 2347 1564 2371 re
1580 2334 1668 2372 mihi
1693 2334 1818 2372 conci-

390 2396 495 2437 liant,
525 2390 560 2428 δί
582 2391 749 2441 potentia
772 2390 942 2427 audiendi
964 2387 1217 2442 Pl'yyseteribus
1238 2389 1463 2435 communis,
1484 2388 1521 2427 δε
1543 2390 1707 2439 exempla
1732 2390 1817 2428 alio-

385 2464 472 2489 rum
490 2446 662 2499 piscium,
688 2445 867 2486 branchiis
884 2444 1036 2497 apertis,
1057 2444 1126 2483 five
1142 2444 1372 2498 spinosorum
1392 2458 1482 2484 mox
1495 2444 1698 2484 referenda.

1611 2543 1634 2592 ς
1653 2542 1809 2583 XXIX.
