2169 3012
430 392 451 430 s
901 373 988 428 D'E
1044 388 1237 430 SONo
1290 389 1379 429 ET

430 465 739 510 Surinamenseim
777 481 850 508 nec
873 470 1057 518 intererit,
1093 484 1140 510 an
1165 485 1236 511 vox
1263 473 1387 512 avium
1414 464 1601 510 vocitetur
1629 480 1776 519 cantus,
1813 483 1861 516 an

425 521 625 573 fistulatas,
660 537 706 562 an
731 525 996 574 ziuxilulatus‚
1022 541 1069 566 an
1086 525 1239 579 clamor,
1258 541 1304 567 an
1319 529 1518 577 matricio,
1537 540 1582 564 an
1597 527 1708 565 aliter.
1763 528 1861 577 Ergo

429 580 761 618 contradictionem
777 594 857 621 non
872 583 1051 629 involvit,
1087 584 1111 621 fi
1131 584 1284 622 dixeris:
1322 582 1480 641 reliquos
1504 583 1615 638 pisces
1640 582 1774 634 pariter
1789 583 1860 621 efl'e

426 633 563 675 vocales
580 648 622 674 ac
641 633 871 689 Phyfeteres‚
898 639 1051 677 voculas
1068 638 1223 690 piscium
1238 640 1379 678 vocites
1398 640 1454 677 vel
1470 639 1682 686 clamorem,·
1700 638 1759 676 vel
1766 637 1859 688 stri-

423 689 565 738 dorem,
602 692 660 728 vel
682 692 771 738 alio,
807 706 878 744 pro
908 695 1081 744 qualitate
1105 693 1268 742 sonitus,
1295 695 1495 737 vocabulo.
1571 696 1699 744 Urgeo
1726 694 1859 741 adhuc,

423 747 528 798 quod
554 759 732 785 CREATo
746 761 812 786 Rls
837 748 985 789 summae
1009 749 1190 802 sapientise
1208 751 1266 790 fit:
1297 749 1506 808 analogiam
1528 761 1595 807 per
1614 752 1734 790 omnia
1759 752 1859 790 inter

420 802 560 860 pzfies,
594 803 729 853 pariter
746 817 787 842 ac
807 805 907 844 inter
926 806 1061 857 reliqua
1087 807 1271 853 anim-alia,
1300 820 1610 860 quorumcunque
1627 819 1804 857 generum
1822 806 1858 844 ὃ(

423 858 648 910 specierum,
673 858 915 912 intercedere,
946 875 1152 912 omnesque
1168 863 1285 914 pisces
1303 863 1340 902 ἃ
1357 862 1495 920 loquela
1519 862 1554 900 &
1572 860 1722 913 auditu,
1740 875 1855 912 quan-

426 926 508 965 tum
523 913 623 959 satis,
652 915 826 965 praeditos
843 917 930 963 effe,
959 917 1094 956 etiamfi
1120 919 1345 970 decempeda
1372 920 1501 957 nostrae
1519 919 1669 957 rationis
1688 917 1857 956 nondum

374 1008 381 1015 ,
427 972 644 1019 (nunquam
667 969 816 1010 foi-fitam
834 972 852 1023 )
871 973 1003 1011 emensi
1028 973 1184 1024 loquelae
1206 975 1425 1025 auditusque
1450 974 1605 1026 piscium
1627 974 1686 1011 vel
1710 974 1857 1021 modos,

425 1025 485 1063 vel
499 1023 604 1070 usus,
622 1038 708 1063 cum
723 1027 890 1077 plurimae
907 1041 964 1067 res
979 1030 1159 1068 naturales
1174 1029 1290 1081 usque
1306 1031 1396 1070 dum
1411 1030 1520 1069 nobis
1540 1029 1739 1080 incognitae
1754 1028 1856 1072 snnt;

427 1093 548 1129 eoque
566 1080 678 1130 magis
693 1083 856 1133 rapimur
870 1085 909 1123 in
925 1085 1064 1130 zelum,
1088 1086 1192 1135 quod
1210 1085 1483 1137 benigniffimus
1499 1090 1712 1124 CRE'ATOR
1728 1098 1856 1142 magno

426 1133 564 1184 consilio
582 1136 726 1175 homini
744 1138 830 1177 dato
841 1167 851 1185 ‚
880 1150 924 1178 ut
940 1153 1063 1180 rerum
1078 1152 1307 1192 creatarum,
1324 1142 1364 1180 in
1381 1154 1397 1180 s
1408 1155 1452 1181 Ut
1469 1156 1494 1180 N
1505 1155 1529 1180 o
1540 1153 1666 1180 MlNlS
1677 1139 1856 1198 gloriam,

424 1192 605 1235 rationem
632 1192 780 1239 habeat,
808 1194 1016 1237 frustretum
1055 1196 1091 1234 ἃ
1111 1199 1215 1247 quod
1233 1198 1400 1249 plurimi,
1431 1198 1544 1236 eheu!
1582 1196 1776 1246 indignum
1799 1197 1857 1236 di-

424 1248 624 1298 gnitatibus
640 1246 710 1286 suis
733 1249 923 1297 iudicent,
951 1251 1190 1304 introspicere
1213 1254 1253 1291 in
1269 1265 1377 1308 opera
1403 1267 1478 1292 Dm
1494 1252 1757 1304 sapientiffimi‚
1784 1252 1855 1291 ho-

421 1303 616 1353 minesque
639 1314 815 1355 tanquam
837 1306 995 1353 otiosos,
1027 1321 1160 1353 vanoS‚
1190 1310 1389 1360 prodigos,
1416 1308 1589 1348 imbecilli
1614 1306 1651 1347 &
1677 1308 1761 1346 exili
1779 1309 1856 1347 ani·

421 1371 480 1397 ma
503 1358 690 1398 minorum
712 1362 878 1410 gentium
900 1363 1092 1402 instruelos
1119 1362 1326 1409 diffamant,
1355 1365 1420 1416 qui
1446 1365 1504 1403 vel
1529 1364 1673 1402 illustria
1699 1377 1854 1416 corpora

421 1413 596 1460 universi,
628 1415 686 1452 vel
703 1416 854 1455 virtutes
871 1417 1137 1459 sublunarium,
1157 1420 1216 1458 vel
1234 1419 1394 1458 subditas
1409 1421 1565 1471 pedibus
1583 1419 1653 1457 suis
1671 1432 1728 1458 res
1746 1433 1854 1471 quas-

417 1482 571 1520 cunque
594 1470 827 1519 inanimatas,
853 1473 912 1511 vel
936 1474 1097 1524 plantas,
1125 1475 1252 1521 flores,
1277 1475 1489 1526 frustusque
1513 1475 1762 1520 delecsrabiles,
1790 1475 1852 1513 vel

423 1525 622 1571 animalia,·
641 1538 722 1576 quae
752 1539 933 1567 vocantur
964 1529 1179 1568 irrationalia
1212 1528 1315 1582 globi
1346 1530 1548 1580 ten-aquei,
1591 1530 1852 1581 circiunspee‘te

423 1581 727 1632 contemplanda,
754 1583 920 1630 student,
947 1584 1040 1634 quafi
1057 1598 1145 1624 vero
1163 1599 1245 1624 REG
1256 1600 1317 1625 UM
1335 1585 1554 1630 feliciffimus
1572 1598 1618 1624 ex
1633 1585 1708 1623 auri
1726 1598 1851 1636 argen-

423 1637 526 1686 tique
540 1637 689 1676 immani
703 1639 832 1689 copia⁷
860 1653 907 1678 ex
922 1639 1118 1691 splendore
1137 1641 1280 1693 superbi
1297 1642 1443 1689 throni,
1471 1655 1517 1681 ex
1535 1641 1852 1693 cataphraelorum

423 1692 679 1739 multitudine,
715 1694 934 1746 reliquisque
963 1698 1119 1747 praemiis
1143 1699 1200 1736 vel
1225 1698 1436 1736 accidentiis
1459 1697 1651 1736 illustribus
1677 1705 1852 1735 S'APIEN-

422 1760 467 1786 Τι
478 1759 492 1784 s
503 1760 636 1786 simus
655 1749 823 1788 omnium
841 1764 906 1788 ore
923 1753 1144 1791 celebretur!
1200 1767 1324 1793 DEUM
1339 1754 1439 1792 noffe
1454 1766 1500 1790 ex
1517 1754 1774 1808 omnipotentia
1790 1752 1850 1791 sua

421 1802 459 1841 &
478 1801 748 1855 mifiricordicz,
775 1804 912 1844 summa
929 1805 1100 1859 sapientia
1119 1810 1179 1849 est.
1236 1810 1309 1848 Sed
1326 1810 1481 1848 modum
1497 1809 1728 1860 imponamus
1745 1809 1848 1850 zelo;

423 1858 460 1897 δι’
477 1859 618 1911 posito,
646 1873 725 1899 non
743 1862 934 1909 concesso7
963 1865 1066 1914 quod
1083 1865 1234 1915 quidem
1257 1864 1372 1916 pisces
1394 1865 1516 1910 auriti,
1545 1877 1623 1902 non
1640 1875 1761 1902 autem
1781 1876 1849 1901 vo-

407 1916 518 1955 :cales
536 1914 623 1963 lint,
651 1918 807 1956 vel'vice
825 1918 939 1966 vers-a,
959 1933 1045 1959 cum
1062 1921 1227 1959 lumbrici
1247 1920 1283 1959 ὅ(
1300 1921 1402 1971 plura
1419 1920 1549 1959 infesta
1573 1933 1652 1958 non
1671 1919 1734 1958 nifi
1754 1920 1848 1958 duos

418 1969 543 2009 sensus
554 1999 565 2017 7
593 1972 728 2012 tastum
746 1972 901 2021 scilicet,
917 1975 1136 2026 gustumque
1154 1977 1285 2015 habere
1303 1976 1494 2023 videntur,
1512 1974 1597 2014 absit
1610 1987 1735 2013 tamen
1754 1989 1772 2014 a
1789 1988 1848 2014 me

417 2027 635 2080 sapientiam
661 2030 852 2070 Creatoris
873 2044 1032 2088 arguere
1054 2035 1206 2072 erroris.
1276 2034 1371 2072 Non
1399 2031 1538 2070 inficias
1571 2031 1640 2070 ibit
1662 2031 1847 2070 Dominus

423 2084 564 2130 Amor,
594 2080 754 2124 surdum
775 2098 822 2126 ex
840 2096 977 2138 utero,
1005 2086 1099 2136 &fi
1121 2099 1240 2128 mutus
1257 2087 1395 2134 audiat,
1423 2087 1527 2139 quod
1542 2087 1642 2137 loqui
1660 2099 1739 2124 non
1753 2087 1846 2125 didi-

421 2138 493 2184 cit,
528 2137 708 2180 vocalem
735 2152 860 2180 tamen
885 2142 970 2187 esse,
1008 2143 1212 2194 sonosque,
1248 2143 1344 2194 qnos
1377 2144 1458 2182 talis
1480 2142 1728 2181 infortunatus
1758 2142 1845 2189 edit,

420 2194 521 2231 aliter
537 2194 605 2232 effe
624 2208 870 2246 comparatos,
901 2198 924 2237 fi
942 2198 1062 2245 dolet,
1096 2200 1199 2238 aliter
1215 2198 1239 2238 fi
1257 2199 1353 2253 farss
1368 2198 1525 2244 laborat,
1555 2199 1656 2237 aliter
1670 2197 1694 2236 fi
1712 2210 1846 2249 panem

420 2250 619 2288 obolumve
642 2250 826 2299 sollicitat,
856 2254 955 2292 aliter
976 2255 1040 2292 ubi
1057 2256 1213 2307 plangit.
1272 2257 1319 2295 Et
1345 2267 1468 2294 tamen
1492 2255 1547 2293 uti
1571 2254 1718 2299 surdus,
1747 2253 1792 2291 fic
1808 2252 1845 2291 &

419 2317 542 2343 mutus
561 2319 712 2345 vocatur
719 2334 739 2362 ‚⁸
760 2320 930 2358 tanquam
954 2309 1069 2361 piscis.
1139 2312 1281 2364 ani
1306 2323 1393 2361 ergo
1418 2311 1513 2348 inter
1536 2310 1767 2348 vocalitatem
1788 2311 1845 2362 pi-

407 2361 528 2410 scium
544 2360 695 2415 ftcundi
718 2363 858 2403 ordinis
885 2364 920 2402 ἃ
942 2364 1124 2405 latratum
1146 2365 1374 2419 Physeterum
1396 2367 1473 2405 talis
1492 2365 1625 2405 relatio
1643 2365 1766 2402 locum
1780 2365 1844 2402 ha-

422 2417 542 2461 beret,
567 2417 687 2475 qualis
707 2420 903 2460 intercedit
927 2423 1027 2461 inter
1048 2421 1240 2472 hominem,
1266 2435 1376 2475 quem
1393 2422 1546 2461 dicimus
1561 2422 1720 2473 insonum
1735 2419 1770 2458 ἃ
1786 2422 1844 2459 in-

1783 2487 1844 2515 ter
