2169 3012
725 434 1000 473 AU'DITU
1056 433 1352 474 PISCIUM.
1499 435 1507 440 ’
1719 448 1759 485 25

480 531 499 533 λ»
531 545 534 548 .
905 516 929 563 §
983 515 1185 555 XXVIII.
1283 522 1286 525 ⁴
1435 534 1438 537 ’
1466 536 1468 538 ’
1553 522 1557 525 ’

449 579 507 617 Sic
526 579 817 630 experimentum
829 607 839 625 ,
862 580 965 630 quod
986 581 1107 619 Amor
1132 580 1196 629 (55
1204 577 1370 626 XXVI)
1388 577 1510 616 suadet
1525 590 1595 630 pro
1614 578 1760 618 firman-

335 633 378 672 da
398 635 487 672 thesi
509 634 588 672 sua.-
618 647 685 673 non
709 634 867 684 transire
885 634 944 674 vel
965 635 1266 686 trasmittisbnos
1281 645 1348 691 per
1364 647 1515 691 aquarn,
1545 637 1757 677 non-‘valen

335 691 486 728 nimium
506 690 603 727 enim
621 691 767 741 probat:
796 691 946 738 seilicet,
963 691 1152 729 hominem
1169 703 1294 741 caput,
1309 689 1451 728 inverso
1468 690 1598 727 ordine
1613 702 1758 735 naturae,

335 759 441 795 aquae¹
455 745 734 792 immittentem,
761 746 893 784 sentire
914 747 1035 784 aestum
1051 759 1152 796 aquae
1168 745 1471 797 impetuosum&
1487 757 1757 796 praeternatura-

334 802 418 839 lem.
474 804 616 840 Nonne
640 802 775 847 homo⁷
801 803 964 840 manibus
988 802 1243 848 obambulans,
1268 802 1422 852 pedibus
1441 801 1480 838 in
1495 801 1604 838 altum
1619 800 1758 846 ereffls,

334 858 372 894 in
388 858 478 894 statu
491 857 774 908 praeternaturali
797 859 848 895 est
864 858 1099 904 constitutus,
1129 857 1264 907 aliaque
1281 857 1520 908 phaenomena
1538 856 1575 892 in
1590 856 1650 893 tali
1667 856 1758 893 statu

336 913 522 967 experitur
544 925 616 964 prae
645 913 815 959 homine,
856 913 984 964 pedibt
1047 913 1273 951 ambulante?
1314 912 1436 961 itaque
1469 912 1758 962 experimentum

334 967 426 1006 illud
444 969 532 1006 nihil
549 968 643 1006 aliud
658 970 808 1019 probat,
822 926 1205 1024 pffaeterssnstztionem
1221 969 1432 1024 apparentis
1447 965 1545 1015 aesz‘us
1562 964 1753 1021 impetuosi,

334 1032 485 1073 aequore
504 1024 590 1062 licet
618 1025 827 1074 tranquillo,
909 1024 1018 1063 Fano
1048 1024 1200 1063 Domini
1223 1024 1376 1063 Amoris
1407 1021 1755 1072 oppona1n²facstuin

336 1080 489 1117 celeber.
510 1079 678 1117 'Domini
708 1080 864 1119 Abbatisv
885 1081 932 1120 de
958 1093 1153 1126 NOLLET,
1188 1080 1292 1129 quod
1317 1075 1455 1134 publice
1472 1074 1530 1116 die
1543 1090 1589 1129 ²4
1610 1075 1756 1132 Aprilis

333 1145 427 1188 1743
454 1137 492 1174 in
518 1137 636 1191 Regia
662 1136 906 1176 Scientiarum
940 1133 1138 1175 Academia
1165 1133 1335 1184 Parifincz
1364 1133 1528 1171 recitavit
1559 1145 1604 1169 ex
1633 1132 1753 1170 libello

332 1191 551 1229 memoriali:
587 1188 646 1230 sur
669 1190 692 1231 l’
709 1189 816 1231 Ouie
841 1190 909 1232 des
925 1188 1103 1231 Poiffons
1125 1191 1161 1230 8<
1178 1187 1239 1230 sur
1259 1188 1295 1229 la
1321 1184 1583 1229 transmiffion
1599 1185 1648 1226 de
1672 1185 1760 1228 Sor-1

333 1245 431 1287 dans
453 1244 474 1286 l'
490 1245 593 1295 Ean,
625 1248 795 1286 nondum
817 1248 915 1299 typis
941 1247 979 1285 in
1004 1245 1169 1296 Historia
1184 1247 1306 1303 Regiae
1324 1241 1524 1284 Academiae
1541 1242 1754 1294 expreffum.

390 1321 465 1378 Ipss’
482 1321 594 1379 piscis
611 1319 764 1372 satius,
793 1322 984 1373 postquam
1003 1333 1070 1372 per
1085 1320 1249 1359 solennes
1266 1319 1544 1358 circumstantias
1564 1317 1758 1356 consuetu-

333 1379 459 1417 dinem
481 1377 729 1423 contraxisset‚
767 1387 809 1415 ut
832 1378 976 1426 integro
1010 1388 1168 1428 corpore
1196 1373 1281 1414 duos
1296 1372 1405 1432 pedes
1434 1374 1533 1414 altus
1551 1370 1623 1425 fid>
1646 1386 1756 1430 aqua,

333 1435 415 1486 plus
434 1433 590 1484 Vfimplici
614 1433 714 1477 vice,
742 1443 988 1471 commoratus
1015 1431 1074 1474 fit3
1111 1432 1207 1470 Data
1232 1430 1490 1483 experimenti,
1523 1429 1680 1468 breviter
1705 1429 1756 1467 se-

334 1501 483 1542 quentia
509 1500 808 1526 connotavernn:

390 1546 427 1596 ι)
456 1545 627 1595 Qatuor
650 1543 771 1581 uncias
797 1542 860 1580 sub
888 1554 997 1591 aqua,
1034 1541 1172 1580 audivit
1196 1540 1402 1591 sclopetum
1425 1539 1649 1590 marfilpiale,
1687 1538 1757 1576 ho-

442 1599 643 1647 rologium,
663 1597 699 1635 ὅ(
717 1598 946 1636 corniculum
952 1624 963 1643 ‚
993 1610 1069 1647 quo
1087 1608 1276 1650 {senatores
1292 1607 1464 1642 utuntur,
1492 1594 1668 1640 erenum,
1684 1594 1755 1632 five

337 1695 341 1697 Α
446 1654 719 1691 οηὴοεεϊεὶῖοη.

388 1709 428 1757 2)
463 1711 600 1747 Denuo
628 1708 764 1746 audivit
789 1708 915 1746 eadem
932 1715 951 1750 8
968 1706 1111 1750 uncias,
1140 1720 1170 1742 12
1188 1704 1224 1743 δε
1242 1712 1274 1747 18
1291 1706 1434 1750 unt-iffi,
1464 1706 1509 1744 ad
1527 1703 1639 1755 ustlue
1657 1705 1752 1743 duos

446 1764 560 1815 pedes
584 1765 673 1802 altus
699 1763 761 1801 sub
785 1765 901 1804 unda;
934 1774 1097 1800 necnon
1115 1774 1245 1798 vocem
1264 1762 1467 1798 humanam.

389 1821 428 1869 3)
460 1820 614 1858 Excitari
639 1819 726 1856 fecit
748 1819 786 1857 in
809 1818 952 1858 diverfis
978 1813 1223 1855 altitudinibus
1249 1818 1291 1853 ad
1310 1816 1419 1865 usque
1444 1815 1598 1853 duorum
1618 1814 1756 1866 pedum

445 1875 556 1914 sonos
579 1876 714 1913 mixtos
722 1902 733 1921 ‚
760 1875 815 1914 uti
831 1888 877 1912 ex
901 1874 1038 1912 duabus
1057 1873 1237 1924 campanis
1249 1899 1260 1918 7
1288 1872 1425 1910 duabus
1445 1870 1584 1917 fistulis,
1614 1869 1755 1922 optime

446 1931 735 1982 distinguendOS.
823 1924 827 1928 ⁴

388 1991 436 2036 4)
466 1989 568 2026 Bona
591 1999 686 2025 voce
711 1984 952 2038 pronunciata
974 1984 1082 2022 verba
1104 1984 1259 2021 humana
1282 1981 1331 2019 ita
1350 1979 1511 2019 distinete
1529 1980 1683 2025 audivit,
1713 1990 1756 2018 ut

446 2055 544 2081 extra
568 2043 698 2094 aquam
720 2039 957 2086 eonstitutus,
988 2038 1185 2077 intefleecas
1203 2037 1266 2076 sub
1289 2050 1379 2088 aqua
1403 2036 1667 2075 articulationes
1684 2034 1752 2073 fin-

446 2099 542 2150 gulas
559 2098 770 2138 recitaverit.
1393 2110 1395 2113 ·
1744 2088 1749 2093 ⁴

388 2153 434 2204 5)
464 2156 607 2193 Omnes
628 2154 758 2200 sonos,
805 2163 900 2203 quos
924 2149 1151 2201 persentivit‚
1192 2149 1228 2187 se
1248 2148 1388 2192 iudice,
1421 2145 1515 2196 quast
1549 2155 1751 2188 attenuatos

441 2211 608 2261 agnovit,
636 2211 758 2248 dicere
774 2220 852 2246 non
871 2218 1023 2256 potens,
1052 2206 1155 2255 quod
1180 2204 1387 2242 variantiam
1408 2200 1492 2253 paffi
1518 2200 1661 2237 fuerint.

395 2267 449 2313 6)
478 2269 548 2304 Pro
563 2266 663 2318 poffe
680 2263 907 2303 conserendo
926 2262 1083 2299 eundem
1101 2262 1228 2299 sonum
1253 2272 1337 2297 cum
1353 2256 1657 2309 profunditatibus
1674 2254 1751 2292 sucss

446 2322 576 2360 ceffive
602 2336 630 2369 4
653 2321 688 2358 ἃ·
713 2328 745 2363 18
768 2319 976 2363 unciarum,
1007 2315 1226 2355 differentias
1251 2328 1328 2352 non
1347 2311 1516 2364 persenlit
1536 2309 1767 2362 proportio--

450 2390 549 2415 natas
571 2377 814 2416 voluminibus
841 2386 958 2423 aquae,
983 2373 1019 2410 id
1039 2374 1106 2418 est,
1132 2371 1266 2410 summa
1292 2370 1484 2408 diminutio
1510 2366 1587 2403 soni
1609 2365 1652 2402 ad
1668 2379 1695 2412 4
1713 2362 1750 2401 δε

443 2440 476 2475 18
496 2434 621 2471 uncias
643 2433 838 2470 altitudinis
868 2429 929 2467 sub
951 2441 1040 2478 aqua
1065 2428 1343 2481 proportionata
1368 2437 1448 2463 non
1466 2422 1536 2461 fuit
1556 2420 1751 2473 profundi-

449 2490 531 2537 tati,
562 2502 632 2540 qua
652 2500 846 2540 perceptus
868 2485 988 2524 sonus.
1645 2503 1649 2507 -

1145 2538 1182 2577 D
1206 2549 1220 2584 3
1549 2531 1584 2579 7)
1616 2528 1754 2569 Obser-
